2932 5108
627 334 830 395 -152-

272 518 312 584 οά
328 520 354 585 οἱ
377 520 427 585 ἐπ’
450 519 620 602 ἀνθρώπους
641 519 851 598 ὄνομάιιλνπον
874 516 1007 595 άνλοιάν
1031 542 1066 584 τε
1087 516 1200 593 νίκων,

358 646 481 708 Μοισάν
500 640 590 708 ἕκοιπι
613 644 709 717 θῆκοον
728 640 919 725 ἰοστεφάνων
942 638 1048 705 θεάων.

180 761 369 829 Rectissime
391 761 535 830 dictum:
562 761 772 842 θνομάκοιυτον
795 763 846 827 ἐπ’
865 762 1035 843 ἀνθρώπους
1058 761 1165 836 νίκων,
1192 757 1281 849 quod

179 893 300 949 temore
328 882 379 950 rel
403 883 528 972 vulgata
556 884 694 950 lectione
721 894 844 949 servata
875 882 908 945 in
941 881 1085 946 dativum
1115 881 1281 964 ἀνθρώποις

176 1004 313 1071 mutavit
337 1006 530 1072 Brunckius.
580 1005 715 1072 Dativus
746 1005 798 1070 ἐπ’
821 1002 986 1085 ἀνθρώποις
1016 1001 1174 1091 significat
1210 1026 1231 1066 >›
1247 1004 1279 1067 in

177 1148 287 1193 rerum
320 1132 482 1205 nutura,”
516 1140 551 1193 ut
585 1129 618 1191 in
649 1128 748 1194 Hom.
783 1124 845 1194 0d.
870 1124 975 1203 XIII,
1000 1126 1056 1189 60·
1092 1130 1191 1203 νῆσος
1224 1123 1279 1188 κω)

177 1246 332 1323 θάνοιτος,
355 1246 399 1314 τά
419 1254 449 1314 τ’
470 1250 520 1314 ἐπ’
539 1248 718 1331 ἀνθρώποισι
741 1245 909 1321 πέλοντοιι,
935 1247 958 1313 i.
980 1266 1011 1313 c.
1037 1266 1118 1333 quae
1140 1242 1281 1310 humana

178 1380 264 1433 cunt.
288 1365 426 1437 Theocr.
445 1368 513 1448 XI,
540 1373 572 1437 3.
597 1373 712 1453 κοῦφον
734 1366 768 1433 δέ
791 1392 822 1432 τι
842 1370 933 1434 τοῦτο
953 1365 1006 1432 uui
1028 1361 1088 1430 ἀδώ
1106 1364 1206 1441 γίνετ’
1229 1366 1282 1430 ἐπ’

176 1490 363 1572 ἀνθρώποις,
395 1490 481 1572 εάρῆν
512 1491 538 1557 δ’
560 1492 593 1556 οὐ
627 1488 727 1575 ῥᾴδιόν
756 1489 831 1555 ἐντι.
860 1487 945 1555 Plat.
974 1484 1122 1574 Euthgd.
1153 1510 1188 1577 p.
1214 1488 1281 1553 278

177 1611 220 1679 A.
256 1612 352 1691 ὄνομά
381 1612 432 1677 ἐπ’
464 1613 627 1694 ἀνθρώποις
660 1608 805 1684 ἐνάντίως
835 1608 945 1690 ἔχουσι
980 1606 1129 1687 cetron.
1162 1607 1278 1697 Symp.

179 1756 214 1822 p.
238 1734 299 1798 186
324 1732 365 1801 I.
413 1732 531 1798 Versus
559 1733 592 1798 in
623 1731 754 1800 Hesiod.
780 1742 813 1795 et
841 1730 939 1797 Hom.
966 1728 1054 1795 cerr.
1087 1731 1220 1819 patu.
1245 1732 1279 1801 9.

176 1860 233 1929 τῆς
252 1854 365 1936 σοφίης
384 1852 416 1919 δὲ
436 1853 470 1919 τά
485 1852 607 1936 τέκμωρ
630 1851 681 1918 ἐπ’
702 1853 881 1934 ἀνθρώποισι
904 1848 1063 1933 πέφυκενς
1090 1852 1129 1936 Q.
1149 1849 1280 1939 Smyrn.

178 1975 217 2053 I,
245 1980 322 2055 418,
346 1976 379 2043 cl
397 1976 424 2042 δ’
441 1976 492 2040 ἐπ’
515 1973 644 2058 ἀνδράσι
667 1976 755 2041 λώϊον
774 1971 856 2040 ἀλλο
877 1972 949 2048 θῆκε
977 1969 1065 2047 θεώςς
1101 1970 1165 2038 Sed
1186 1992 1281 2037 necu-

178 2077 447 2189 eutirur'proprie
465 2097 585 2164 dicitur
605 2095 646 2162 de
667 2098 751 2162 fama
770 2118 829 2184 pcr
850 2116 960 2160 omnes
979 2091 1126 2160 homines
1150 2115 1280 2184 sparsa,

179 2230 216 2282 ut
247 2218 280 2283 in
313 2218 448 2286 Homer.
480 2217 521 2284 tl.
544 2216 597 2294 X,
623 2219 702 2284 212.
735 2214 826 2294 μένοι
858 2214 909 2281 κέν
931 2214 958 2280 οἱ
983 2212 1160 2297 ὑπουράνιον
1189 2213 1282 2288 κλέος

177 2336 224 2414 rin
244 2335 370 2414 πάντως
393 2340 445 2404 ἐπ’
472 2338 655 2419 ἀνθρώπους.
687 2336 872 2403 Mimnerm.
906 2334 947 2404 fr.
971 2338 1024 2400 15.
1059 2335 1115 2400 κοά
1144 2359 1198 2414 μιν
1229 2335 1282 2400 ἐπ’

176 2462 347 2544 ἀνθρώπους
371 2458 467 2541 βάξις
491 2459 561 2542 ἔχει
584 2460 728 2541 χαλεπά.
776 2456 871 2525 Unde
899 2456 1093 2544 intelligitur
1125 2458 1157 2522 in
1188 2456 1281 2524 Arati

177 2606 224 2651 rc.
250 2586 346 2648 1036.
370 2583 404 2646 τί
422 2606 467 2645 τοι
489 2582 572 2658 λέγω
591 2577 671 2645 dcccc
693 2578 842 2644 πέλοντοοι
865 2580 986 2656 σάματ’
1009 2578 1059 2642 ἐπ’
1083 2578 1279 2659 ἀνθρώπουςς

177 2702 383 2769 scribendum
415 2724 480 2765 csse
508 2701 559 2765 ἐπ’
584 2701 760 2780 ἀνθρώποις.
810 2698 846 2763 Iu
881 2720 972 2764 versu
1007 2698 1121 2765 ultimo
1155 2700 1277 2770 codar:

178 2826 274 2899 θῆκοιν
294 2820 486 2905 ἰοστεφάνων
510 2823 583 2887 θεάν
603 2819 692 2886 ἕκοοτι
710 2823 857 2894 Μοισάν,
883 2842 965 2907 quae
985 2821 1018 2885 In
1037 2844 1145 2887 rursus
1166 2846 1280 2889 nume·

151 2930 231 3011 'ros
251 2944 356 3031 coegit
380 2942 525 3019 Nemus,
552 2964 648 3031 quern
673 2951 800 3006 secutus
823 2954 869 3007 est
902 2918 1068 3028 Bergkius.
1118 2943 1278 3032 Equidem

178 3069 302 3133 Μοισάν
319 3063 408 3132 ἕκοιπι
433 3064 590 3155 praetuII,
618 3064 796 3153 postposito
829 3061 868 3128 de
889 3084 978 3127 more
1001 3063 1196 3131 Graecorum
1222 3066 1279 3130 ad·

177 3189 303 3258 verbio.

224 3310 360 3396 Propter
380 3308 546 3372 victoriam
566 3308 598 3372 in
621 3308 795 3373 certamine
816 3307 959 3396 equestri
976 3319 1170 3396 reportatam
1190 3309 1280 3396 Tyn·

179 3426 299 3509 daridis
326 3448 441 3491 munus
465 3425 627 3493 obtulerat
657 3427 862 3506 Eunonetus,
886 3428 919 3493 in
944 3427 1036 3492 ouius
1059 3426 1202 3515 gratiam
1229 3429 1279 3495 in-

179 3550 385 3639 scriptionem
418 3550 601 3638 cornporuit
642 3547 880 3629 Callimachus,
916 3551 1023 3616 nativo
1056 3550 1194 3618 candore
1228 3550 1280 3617 in·

178 3674 300 3761 signem
324 3670 365 3735 A.
387 3670 424 3736 Ρ.
444 3669 513 3747 VI,
541 3672 617 3734 149.

270 3787 364 3864 Φυσὶν
387 3785 406 3852 ά
425 3814 466 3866 με
490 3790 609 3866 στάσιος
633 3788 799 3862 Εώοάνετος
817 3826 863 3845 --
883 3791 917 3855 οὐ
940 3789 1004 3873 γάρ
1027 3792 1150 3872 ἔγωγε·

358 3911 521 3988 γιγνώσκω
538 3948 584 3959 -
598 3911 681 3985 νάκος
701 3908 775 3976 ἀντί
796 3935 837 3989 με
860 3919 916 3987 τῆς
936 3907 1011 3989 ἰδίως
1068 3910 1071 3915 ’

268 4031 434 4110 ἀνκεῖσθοω
453 4028 605 4112 χάλκειον
625 4030 780 4113 ἀλέκτορα
803 4031 1021 4119 Τυνδωρώρσι·

358 4153 494 4221 πιστεύω
520 4153 647 4235 ‘inriguo
671 4153 757 4219 τωνδὶ
784 4155 988 4233 arrogantur.

179 4275 225 4341 Ex
250 4274 505 4362 Tyndaridarum
531 4266 713 4357 mentione,
738 4280 789 4344 cui
820 4279 930 4345 confer
948 4274 1039 4345 Pind.
1065 4272 1117 4342 Oi.
1141 4274 1215 4354 111,
1244 4277 1275 4345 1.
