2932 5108
632 388 835 452 -129—

230 576 435 667 Epigramma
464 587 569 641 autern
602 574 798 663 Cyzicenum
830 573 977 663 Gregorii
1010 573 1154 664 Magistri
1183 594 1282 666 opera

181 695 415 787 descriptuma
438 696 649 763 Constantino
671 695 800 761 domurn
832 693 974 784 Gephala
997 694 1213 787 Anthologiae
1231 698 1293 795 in-¹

183 832 302 884 sertum
329 832 421 909 puto.
475 817 523 885 lte
553 840 618 907 quo
649 816 785 883 inferius
817 815 945 893 dicam;
982 814 1045 881 lroo
1072 817 1143 885 loco
1174 820 1280 909 ipanus

181 960 334 1015 carmen,
359 939 599 1030 opportunitate
623 937 718 1016 data,
743 940 926 1027 corrignmr

266 1062 416 1143 Ἄθριρσον
439 1058 577 1140 Χαρίτων
598 1059 658 1125 θτιδ
680 1058 821 1125 ταστοίδι
840 1058 914 1142 τῇδε
937 1063 1070 1141 τριήρους

360 1180 502 1254 στυλίδος
524 1183 585 1253 τοῖς
607 1182 730 1262 τρώσας
754 1182 835 1246 τοῦθ’
859 1180 1038 1260 ὑπόδειγμα
1060 1179 1199 1262 τέχνας·

270 1304 393 1370 ταθταν
413 1302 476 1383 γὰρ
498 1302 623 1384 πρώταν
641 1304 713 1367 τοτ’
734 1303 875 1379 ἐμήσατο
897 1303 1034 1377 Παλλὰς
1057 1304 1169 1381 Ἀθήνα

359 1420 453 1488 τοίνδε
471 1419 562 1487 τθοιει
586 1420 711 1487 orditam
729 1422 926 1489 ἀναδιδοῦσα
947 1422 1063 1505 χθριν·

271 1542 422 1609 Τοθυειιεν
445 1542 566 1626 θψίστρι
588 1542 746 1624 Τριτωνιδι
770 1544 838 1618 vnio
861 1541 984 1620 ἔτευξεν

362 1662 489 1745 Κύζικος
512 1660 562 1728 οἷδ’
582 1665 633 1747 ίρρῖ
652 1670 768 1745 πρῶτον
791 1665 823 1729 ἐν
842 1664 989 1731 Ἀσιοθδι·

271 1784 377 1863 δεῖγμ’
400 1780 423 1848 li
446 1784 499 1849 uoti
519 1784 650 1850 τλίνθυν
670 1787 870 1866 χρυσήλατον
889 1788 1013 1869 ἤγαγεν
1032 1786 1131 1869 ἄχθος

361 1903 510 1987 Δελφίδα
532 1908 615 1983 γίιν,
641 1905 742 1987 Φοίβῳ
765 1902 858 1971 τοίνδε
881 1906 1017 1986 νέμουσα
1039 1906 1144 1991 χοίριν.

183 2026 275 2095 tar
302 2036 334 2092 et
359 2026 392 2093 8.
426 2029 562 2091 nuncin
585 2038 707 2092 textum
728 2029 836 2117 recepi
853 2027 1092 2095 emendationes
1111 2050 1190 2118 quas
1212 2030 1281 2119 prib

180 2146 254 2213 dem
275 2146 441 2236 proposui.
487 2144 619 2212 (iodexr
654 2147 775 2225 δεῖγμα
802 2149 871 2227 καί,
904 2170 1000 2238 quern
1033 2147 1220 2233 trochaeum
1246 2152 1278 2216 in

180 2268 286 2359 primo
313 2265 395 2356 pede
420 2265 546 2334 sustuli.
594 2265 758 2333 lacobsius
784 2269 908 2336 infelici
939 2284 1077 2337 conatu:
1100 2269 1221 2350 δεῖγμιί
1243 2292 1280 2338 τε

181 2389 247 2457 ιιαί.
296 2385 345 2454 dd
370 2386 502 2453 πλίνθων
528 2386 640 2451 eonier
667 2388 836 2453 Bianorem
861 2389 902 2455 Α.
923 2391 960 2458 Ρ.
981 2390 1053 2467 IX,
1079 2394 1156 2458 423.
1182 2397 1215 2458 δ.
1246 2390 1288 2459 αί

180 2510 286 2591 χρυσῷ
301 2508 338 2573 ol
357 2507 494 2572 παλαιὸν
516 2506 743 2571 ἐταινθιίσασθε
766 2506 926 2590 μέλαθρον.
975 2511 1029 2577 Vs.
1051 2516 1085 2578 8.
1115 2510 1280 2600 vulgatum

180 2643 250 2699 est:
282 2626 370 2694 τοίιδ’
396 2628 548 2693 ἕνειιοῦσα
571 2626 688 2708 χοίριν,
722 2650 818 2716 quam
856 2628 1031 2697 dictionem
1062 2632 1217 2700 Graecam
1246 2646 1281 2701 et

180 2763 288 2841 aptam
311 2770 377 2817 essa
398 2746 540 2837 negabo,
565 2747 667 2813 donec
689 2762 774 2815 certa
797 2751 864 2816 eius
881 2751 1025 2843 exempla
1045 2754 1276 2843 proferantnrt

179 2876 276 2941 etiam
306 2872 424 2937 aoristo
452 2891 602 2959 praesens
631 2868 889 2939 substituendum
911 2885 970 2944 est.
1018 2876 1062 2941 Et
1082 2874 1195 2944 literae
1218 2897 1280 2942 un·

180 2994 277 3061 oialoa
297 3003 327 3060 ii
341 3005 375 3060 et
392 3000 428 3057 M
445 2990 565 3057 centies
583 2991 745 3060 conluere.
794 2991 892 3060 Plane
910 2996 1073 3083 geminum
1093 3011 1165 3077 est,
1190 2997 1279 3087 quod

180 3116 297 3205 legitur
318 3115 350 3180 in
373 3113 601 3203 epigrammate
621 3110 891 3178 Halicarnassensi
912 3114 951 3181 (l.
972 3113 1001 3181 l.
1024 3137 1052 3180 c.
1077 3119 1178 3185 2661.
1201 3140 1231 3185 a.

269 3234 390 3310 Νθσσος
408 3230 601 3316 Μυρμιδόνος
623 3232 732 3314 κοθραν
755 3232 829 3306 Διδς
852 3231 960 3299 ἄνθετο
983 3234 1086 3302 troiia

356 3358 508 3435 Ἄρτεμιν
527 3352 649 3431 εθθλβιρ
672 3352 748 3432 τῷδε
771 3352 860 3434 ταροδ
878 3353 1025 3438 τροπθλῳ

272 3476 373 3557 Φοίβῳ
396 3480 521 3553 Ἀγυιεῖ
542 3471 635 3537 τοίνδε
658 3472 756 3553 υθμυυ
777 3473 882 3555 χοίριν.

182 3596 332 3683 Gyaiceni
350 3594 449 3684 igitur
473 3593 569 3659 huius
590 3592 717 3659 donarii
737 3594 873 3683 effigiem
896 3618 1025 3663 auream
1047 3597 1188 3689 Delphos
1211 3602 1278 3668 mi·

181 3726 291 3784 serunt
311 3716 343 3781 in
367 3712 488 3804 templo
509 3712 669 3803 Apollinis
686 3712 909 3785 dedicandam.
956 3715 1020 3783 Sed
1041 3717 1195 3808 quidnam
1215 3718 1279 3787 lton

126 3846 132 3857 ’
179 3836 350 3904 donarium
381 3832 565 3901 habendum
590 3835 654 3909 ait,
678 3833 719 3900 de
746 3857 785 3901 eo
809 3834 1030 3904 dissentientes
1058 3838 1147 3905 rides
1178 3841 1279 3908 inter·

179 3973 298 4051 protes.
344 3955 560 4023 Buttmannus
583 3956 670 4022 eninr
689 3956 792 4039 τριήρη
812 3956 949 4023 σταλίδα
969 3959 1204 4027 emendandum
1225 3984 1278 4028 ra·

183 4093 233 4146 tur
258 4073 462 4145 columellam
491 4072 680 4163 triplicem,
706 4075 890 4142 Gratiarum
916 4078 1049 4144 fortasse
1069 4079 1275 4167 symbolum,

181 4200 290 4289 qualia
328 4196 444 4264 δθκανα
485 4194 615 4261 suerunt
646 4196 818 4262 Dioscuros
852 4196 1063 4286 significantia
1104 4200 1275 4273 intellexit.

182 4318 281 4390 Cuius
300 4321 490 4389 sententiam
514 4319 610 4389 latius
633 4318 788 4407 erplienit
812 4316 1011 4397 Boacilrius,
1037 4322 1094 4411 qui
1119 4324 1211 4391 utilio
1235 4323 1277 4391 de

1027 4442 1050 4507 9
