2932 5108
675 283 879 346 -ate-

226 468 265 537 ln
293 490 358 559 quo
383 466 515 535 offendit
547 479 579 534 et
600 469 751 535 inusitata
779 469 928 536 adieetiri
964 469 1066 535 forma
1089 469 1287 551 ιΟροιυναῒος
1312 480 1344 534 et

226 589 414 655 coniunctio
434 587 509 663 καί,
542 611 643 677 quum
672 592 930 678 promontorium
961 589 1088 656 Altinae
1115 590 1232 679 ipsum
1256 589 1341 657 illud

226 711 266 774 rit
291 710 381 775 cuius
408 732 523 776 nomen
549 712 695 776 inversu
718 713 837 777 maiore
860 710 981 800 legitur
1003 708 1140 785 Σολόεις.
1191 711 1342 779 Senten-

227 833 304 897 tiam
325 842 432 895 autern
461 832 702 920 epigrammatis
719 829 803 896 hano
831 854 897 898 esse
930 843 1098 899 statuunt:
1128 850 1339 921 quoeunque

225 953 388 1041 Angustus
411 974 443 1016 se
467 950 641 1018 contulerit
660 949 728 1018 sive
746 953 777 1017 in
795 953 924 1020 ultimas
944 955 1198 1044 septentrionem
1223 975 1338 1019 versus
1440 943 1444 948 ⁵

223 1086 331 1163 partes
353 1073 416 1138 sire
437 1072 613 1138 inditione
633 1073 822 1139 remotiores
849 1095 1011 1160 recessus,
1036 1071 1124 1138 locos
1148 1095 1236 1162 quos
1254 1073 1336 1141 inri-

224 1195 267 1259 sit
286 1192 439 1259 nobilitat
456 1203 488 1258 et
509 1192 648 1258 adrentu
668 1216 726 1259 sno
744 1194 899 1259 illustret.
932 1193 1013 1260 Mihi
1035 1216 1109 1259 rero
1127 1192 1214 1260 ·ol1m
1238 1192 1335 1282 longe
1432 1177 1434 1181 ι

222 1314 317 1381 aliter
339 1329 521 1403 comparata
545 1314 640 1382 luisse
662 1314 815 1395 ridetur;
841 1315 969 1404 poetam
994 1317 1080 1383 enim
1107 1313 1231 1380 dixisse
1251 1329 1334 1406 puto

223 1437 404 1524 Augustum
426 1435 513 1499 locos
541 1448 744 1524 aegrotorum
764 1433 959 1501 medicinam
985 1435 1106 1500 morbis
1128 1438 1162 1502 et
1187 1437 1333 1503 vulneri·
1385 1457 1388 1467 ·

221 1556 281 1623 bus
294 1557 516 1645 quaerentium
536 1555 676 1621 adrentu
695 1555 818 1623 nobiles
836 1579 937 1646 aeque
949 1577 986 1620 ae
999 1556 1156 1645 ignobiles
1169 1557 1204 1622 in
1216 1562 1331 1648 pereni

222 1676 402 1744 nobilitatis
424 1675 557 1765 gradum
578 1677 691 1742 efferre
713 1689 746 1742 et
767 1675 915 1744 evehere.
963 1678 1004 1744 Et
1021 1679 1126 1758 μυχὸς
1146 1681 1331 1760 Ἕρκυναῖοο

222 1798 310 1863 loeus
345 1796 563 1862 nobilissimus
604 1796 794 1876 habendus,
828 1811 863 1862 nt
899 1799 1155 1886 promontorium
1187 1798 1263 1865 Soli
1297 1802 1330 1866 in
1432 1840 1434 1846 ·

221 1919 333 1985 Africa
362 1917 403 1982 ab
433 1915 493 1983 hae
519 1929 610 2008 parte
643 1918 787 1983 omnium
817 1917 962 1983 locorum
994 1919 1129 1984 maxime
1155 1919 1329 2008 ignobilis.

220 2041 375 2108 Reuersus
404 2052 512 2105 antem
543 2039 748 2126 lleroynaeus
778 2051 826 2104 est
859 2051 987 2104 antrum
1018 2039 1199 2129 Trophonii
1236 2044 1329 2132 quod

221 2162 307 2252 aegri
332 2160 485 2236 adibant,
518 2181 621 2249 prope
645 2157 732 2248 quod
756 2159 876 2223 flumen
908 2160 1079 2246 Hercyna,
1110 2172 1148 2226 nt
1172 2174 1267 2249 patet
1292 2188 1330 2232 ex

220 2281 374 2348 Pausania
393 2280 462 2360 lx,
489 2283 544 2348 39.
570 2282 604 2348 2.
636 2278 759 2361 διείργει
791 2280 822 2345 δὲ
853 2281 912 2344 ἀπ’
943 2283 1041 2356 αὐτῆς
1071 2281 1108 2353 τὸ
1139 2279 1243 2359 ἄλσος
1272 2291 1329 2353 τοῦ

219 2401 418 2486 Τροφωνίου.
437 2400 522 2484 φασὶ
540 2400 577 2475 ’δὲ
607 2401 742 2466 ἐνταῦθα
765 2401 925 2483 Ἕρκυναν
947 2402 1023 2480 ὁμοῦ
1046 2401 1123 2486 Κίου
1146 2412 1188 2486 τῇ
1214 2415 1329 2487 Aman-

219 2526 288 2607 ephe
311 2522 484 2603 παίζουσαν
503 2521 556 2586 καί
579 2519 714 2602 ἔχουσαν
732 2529 819 2603 χῆνα
837 2523 967 2606 ἀφεῖναι
988 2527 1095 2587 τοῦτον
1113 2520 1330 2592 aimundo?—

218 2647 271 2711 καί
286 2642 506 2723 1ὀνομασθῆναι
529 2643 589 2708 ’τὸν
612 2643 755 2722 ποταμὸν
782 2642 834 2708 εὀοί
865 2643 963 2725 τούτῳ
994 2642 1140 2722 λέγουσιν
1167 2645 1329 2730 Ἕρκυναν

219 2767 285 2832 eri.
318 2764 528 2832 ‘Producitur
559 2763 697 2830 secunda
728 2764 873 2854 syllaba,
905 2778 942 2830 nt
967 2764 1328 2860 intelligitur·ex'·1.5÷

219 2884 334 2974 eophr.
358 2888 435 2952 153.
484 2886 534 2952 Εἰ.
550 2884 744 2972 Apollonius
765 2884 925 2953 Lebadiae
945 2898 1088 2953 uersatus
1117 2887 1157 2954 ad
1181 2894 1329 2959 *antrum

219 3004 398 3095 Trophonii
430 3003 516 3094 apud
541 3003 694 3070 Philostr.
723 3005 760 3073 V.
785 3005 823 3070 l.
842 3006 941 3086 t111,
970 3011 1010 3073 19
1034 3009 1089 3083 rho
1109 3008 1178 3088 pto
1203 3011 1328 3094 ἡμέραν

218 3127 333 3201 ἐκείνην
360 3124 505 3208 διελέχθη
535 3126 603 3208 περὶ
634 3126 694 3200 τὰς
725 3123 835 3203 πυγὰς
858 3133 914 3201 τῆς
943 3125 1089 3209 Ἑρκύνης
1104 3129 1189 3211 ’ὑπὲρ
1215 3132 1328 3208 αἰτίας

217 3254 271 3315 τοῦ
295 3248 453 3329 μαντείου.
500 3245 721 3314 Scribendnm.
739 3246 888 3312 ridetur:
1030 3322 1033 3327 ,

227 3390 230 3395 ’
310 3370 345 3446 ἢν
364 3366 468 3447 μυχὸν
491 3372 666 3449 Ἑρκυναῖον
682 3367 759 3444 hie
781 3367 928 3446 πόίματον
952 3366 1110 3434 Σολόεντα
1147 3404 1153 3453 2
1226 3373 1267 3435 ’.

398 3485 491 3571 itin,
516 3494 577 3565 νῆθ
600 3486 727 3566 Λιβύων
750 3485 1156 3570 κροίονοεδονἜονόεοίοον..Ι
1185 3541 1188 3547 .
1276 3544 1279 3549 ,

217 3608 479 3681 Promontorium
504 3610 589 3675 enim
609 3607 680 3674 Soli
695 3607 730 3673 in
752 3608 1066 3699 'occidentaliparte'
1086 3610 1228 3680 Alrieae'
1244 3613 1328 3683 dicia

108 3799 111 3802 ,
218 3746 271 3796 tnr
302 3727 551 3820 margo-terrae
588 3723 756 3807 ultimas.,·-:
782 3728 917 3817 quinam
941 3730 1108 3818 'Augusto
1133 3730 1329 3804 invisitatus

215 3855 319 3942 ipsum
353 3850 589 3918 nobilissimum
619 3848 799 3940 Trophonii
819 3849 947 3917 antrum
977 3850 1060 3916 lama
1090 3853 1158 3943 opis
1172 3860 1328 3944 'aegrotis

216 3973 298 4039 latae
322 3971 412 4036 brevi
436 3970 600 4060 aequabit.
627 3973 756 4043 ¹,Unum
786 3970 836 4035 his
865 3969 981 4047 addam
1002 3972 1183 4063 exemplum
1210 3981 1328 4046 nomi.

216 4095 264 4166 nis
287 4093 443 4177 Ρουφίυοος
475 4090 562 4182 quod
586 4114 621 4157 er
646 4093 765 4158 Reislrii
789 4091 1012 4160 emendatione
1027 4093 1171 4160 ⁴seeundo
1192 4097 1328 4186 syllaba
1444 4105 1448 4112 '

215 4228 361 4315 tetrapta
380 4216 545 4316 legebatur
561 4215 646 4315 apud
658 4213 800 4284 diodor.
827 4216 865 4291 h.
888 4215 1124 4295 P.-vt1,·rnn.
1152 4221 1183 4286 4.
1212 4244 1324 4320 quum
