2932 5108
660 380 817 439 ...3-

180 566 225 635 -ln
251 565 400 632 ultimam
421 562 562 654 denique
591 563 737 630 reiiciam
763 561 869 630 locum
896 564 1038 629 carmina
1061 582 1144 652 qnae
1169 563 1207 629 sd
1237 565 1283 630 la·

184 682 352 754 cessendos
371 684 615 774 irridendosqne
631 684 717 750 alios
729 683 847 773 scripta
864 696 959 750 sant:
982 684 1165 753 zsorrstsl.
1193 684 1284 754 Utri·

180 820 287 898 sesque
306 807 403 896 pertis
414 807 613 873 carminibus
631 829 692 897 per
710 804 811 871 libros
828 804 958 894 digestis
978 804 1155 872 secandam
1171 792 1286 874 diret·

186 942 218 994 s'a
245 944 360 1016 genera
383 930 422 994 et'
439 928 541 994 satias
561 946 716 1017 generum
737 928 882 1014 species,
907 926 1106 1015 singulorum
1123 926 1286 994 'librorum

181 1048 288 1138 emita
307 1046 506 1139 disponenda
525 1058 622 1114 erent
634 1047 759 1112 ratione
771 1044 881 1111 lre'bita
899 1047 1012 1113 aetatis
1028 1060 1091 1136 qna
1104 1048 1285 1115 floruerint

183 1180 299 1260 poetae
315 1168 588 1260 -singalarttmqn‘e
610 1166 881 1257 lnthologieram
900 1167 1115 1236 conditores..
1143 1168 1190 1236 Er
1207 1170 1285 1259 'qai-

181 1289 243 1356 tra·
264 1286 349 1356 milii
375 1289 410 1354 itt
434 1289 676 1379 epigrammatis
699 1287 892 1378 colligendis
912 1300 945 1354 st
967 1286 1187 1356 describendis
1207 1309 1286 1379 prn-

180 1407 373 1476 dentissime
392 1408 533 1476 oonsilio
554 1426 630 1475 usos
653 1428 719 1475 esse
740 1406 874 1475 *ridetur
904 1407 1058 1500 dgetlris‘s
1078 1408 1284 1515 llpri'naeas,

181 1531 241 1618 qni
256 1530 443 1620 eeqaalit'nn
462 1541 630 1620 poetarum
652 1530 797 1596 carmina
816 1539 939 1618 septem
962 1526 1053 1596 libris
1069 1528 1284 1621 compleras.
1402 1573 1404 1577 -

185 1652 219 1717 in
246 1662 315 1719 tres
342 1648 467 1741 priores
496 1666 532 1718 ea
563 1649 675 1718 retulit
709 1672 794 1741 quae
821 1663 877 1716 aut
911 1664 1020 1718 resera
1059 1650 1285 1742 inscriptiones

184 1782 279 1840 erent
310 1783 366 1836 attt
398 1768 438 1836 ad
461 1770 708 1861 inscriptionum
741 1771 912 1862 imaginem
942 1771 1102 1862 scriptae,
1126 1772 1285 1862 epigram·

185 1905 309 1958 matum
340 1908 416 1956 sero
441 1889 565 1956 diterse
594 1912 710 1982 genera
740 1891 773 1957 in
796 1902 936 1982 quatuor
961 1891 1156 1982 posteriores
1176 1891 1287 1958 distri·

185 2012 269 2081 buit.
315 2011 408 2079 ldem
429 2012 603 2080 consiliam
626 2013 658 2080 in
679 2004 862 2104 digerendis
882 2014 1080 2111 carminibus
1107 2013 1171 2080 fuit
1194 2013 1286 2083 con·

185 2133 319 2200 stantini
348 2131 534 2224 (lephslss,
568 2133 622 2201 sed
655 2146 777 2225 qnants
814 2136 938 2201 incuria
970 2133 1128 2226 cephalos
1159 2135 1193 2202 in
1225 2134 1286 2202 lsac

183 2253 359 2343 partitione
390 2255 423 2320 in
452 2246 555 2322 libros
577 2266 611 2321 et
629 2254 739 2346 capita
763 2267 904 2322 versatus
931 2256 994 2333 sit,
1029 2256 1155 2345 patebit
1182 2256 1286 2324 eriis

184 2396 268 2465 qnae
292 2377 426 2464 sparsim
446 2386 483 2441 et
506 2378 623 2465 passim
650 2377 690 2442 ad
716 2376 839 2464 singula
860 2377 1090 2464 epigrammata
1119 2378 1287 2443 annotari·
1397 2412 1402 2419 ·

186 2514 269 2560 mus.
317 2494 527 2582 Antiquiores
546 2516 647 2571 rere,
673 2494 831 2581 Meleager
855 2507 888 2560 et
908 2493 1100 2585 Philippus,
1126 2496 1215 2563 nulla
1233 2518 1287 2563 ar⁴

184 2612 329 2702 'gementi
353 2612 479 2679 ratione
503 2610 613 2678 habita
626 2661 636 2692 ,
661 2614 891 2703 epigrammata
921 2613 1096 2682 secundum
1116 2614 1284 2685 literarum

184 2731 329 2798 ordinem
359 2729 607 2820 disposuerunt,
633 2754 771 2824 qnorum
793 2734 949 2800 rationem
976 2747 1103 2801 secutus
1121 2748 1169 2803 est
1191 2734 1284 2804 laco·

184 2855 268 2919 bsitts
287 2854 318 2918 in
341 2853 565 2920 concinnanda
590 2852 780 2945 dppendice
800 2855 1076 2944 Epigrammatum
1095 2855 1135 2922 ad
1157 2856 1284 2926 Antho-

184 2974 299 3064 logiam
326 2972 516 3043 Palatinam.
563 2974 658 3042 Unda
680 2976 780 3065 magis
809 2977 905 3041 etiam
933 2994 1031 3064 quam
1052 2996 1090 3042 ex
1108 2979 1284 3046 maioribus

184 3096 369 3186 fragmentis
392 3094 607 3186 Anthologiae
627 3096 781 3187 Meleagri
800 3109 832 3162 et
855 3096 1025 3188 Philippi,
1051 3120 1134 3187 quae
1152 3100 1184 3166 in
1207 3100 1284 3168 llio·

183 3217 298 3308 rilegio
341 3218 504 3311 cephalae
534 3231 655 3284 serrata
688 3212 897 3309 comparent,
935 3220 1128 3309 perspicitur
1165 3221 1283 3310 quibas

184 3341 396 3408 incommodis
421 3340 500 3405 haec
524 3340 608 3405 ratio
629 3338 765 3408 laboret.
813 3340 894 3407 Nam
919 3354 1052 3430 propter
1075 3338 1137 3407 hoc
1154 3341 1283 3409 institu-

185 3472 253 3526 tum
277 3460 343 3526 dno
370 3460 599 3550 epigrammata
632 3460 663 3526 in
698 3461 843 3539 Musam,
868 3461 1012 3528 eiusdem
1036 3462 1135 3552 cippi·
1152 3462 1283 3552 cingulis

184 3575 340 3644 lateribus
362 3579 548 3668 insculpta,
575 3579 721 3648 lacobsio
744 3568 931 3648 disiicienda
957 3581 1089 3673 sacrant
1102 3582 1284 3661 ‚··‘atiis·tn·

184 3679 349 3776 terlcctis,
378 3720 411 3769 r.
431 3718 460 3769 c.
486 3702 552 3768 388
571 3713 604 3768 et
628 3704 707 3768 349.
754 3702 799 3771 [lt
822 3703 882 3768 tria
909 3692 1285 3794 epigrammate=ill²1lls⁴
1321 3734 1327 3751 1

183 3814 342 3882 nandrtsm
378 3839 396 3881 a
425 3819 565 3887 (littero
596 3843 634 3887 er
662 3844 726 3887 nno
758 3823 940 3913 eodemque
972 3824 1089 3893 Herma
1122 3806 1286 3916 desdlidte

183 3936 313 4005 dirersis
344 3937 491 4025 legenter
520 3942 622 4021 locis,
657 3967 687 4010 r.
710 3964 741 4010 c.
765 3947 851 4025 185,
877 3949 965 4026 286,
992 3950 1083 4028 3773
1110 3948 1186 4013 item
1216 3947 1281 4016 da'o

184 4060 244 4126 alia
266 4059 299 4123 in
324 4059 527 4139 llomernnr,
552 4087 582 4131 s.
607 4086 636 4130 c.
673 4067 735 4131 154
755 4078 788 4131 et
811 4068 888 4136 279.
937 4068 1008 4133 Pari
1034 4068 1130 4134 modo
1163 4064 1283 4136 ldele'a·

183 4200 240 4269 gro
262 4191 294 4246 et
311 4178 467 4272 Philippo
483 4180 576 4272 plura
594 4187 756 4264 carmina,
782 4209 819 4253 ex
843 4186 956 4255 eodem
976 4186 1102 4266 tumulo
1123 4187 1284 4256 eiusdem·

183 4322 247 4390 que
267 4313 390 4369 stntnae
410 4303 478 4370 basi
510 4302 692 4394 descripta,
719 4306 911 4397 seiungenda
934 4305 1087 4387 inerunt,
1113 4328 1196 4399 qnee
1218 4309 1282 4376 cri·

1006 4428 1021 4493 1
1037 4432 1055 4471 s
