<?xml version="1.0" encoding="UTF-8"?>
<!DOCTYPE html PUBLIC "-//W3C//DTD XHTML 1.0 Transitional//EN"
    "http://www.w3.org/TR/xhtml1/DTD/xhtml1-transitional.dtd">
<html xmlns="http://www.w3.org/1999/xhtml" xml:lang="en" lang="en">
 <head>
  <title>
</title>
<meta http-equiv="Content-Type" content="text/html;charset=utf-8" />
  <meta name='ocr-system' content='tesseract 3.04.00' />
  <meta name='ocr-capabilities' content='ocr_page ocr_carea ocr_par ocr_line ocrx_word'/>
</head>
<body>
  <div class='ocr_page' id='page_1' title='image "./commentationisc01heckgoog_0154.png"; bbox 0 0 2842 5100; ppageno 0'>
   <div class='ocr_carea' id='block_1_1' title="bbox 541 414 748 501">
    <p class='ocr_par' dir='ltr' id='par_1_1' title="bbox 541 414 748 501">
     <span class='ocr_line' id='line_1_1' title="bbox 541 414 748 501; baseline -0.043 -24"><span class='ocrx_word' id='word_1_1' title='bbox 541 414 748 501; x_wconf 80' lang='lat' dir='ltr'><strong>-rar..</strong></span> 
     </span>
    </p>
   </div>
   <div class='ocr_carea' id='block_1_2' title="bbox 100 595 1253 4314">
    <p class='ocr_par' dir='ltr' id='par_1_2' title="bbox 100 595 1253 4314">
     <span class='ocr_line' id='line_1_2' title="bbox 192 595 1001 681; baseline 0.004 -17"><span class='ocrx_word' id='word_1_2' title='bbox 192 595 216 665; x_wconf 80' lang='grc' dir='ltr'><strong><em>ά</em></strong></span> <span class='ocrx_word' id='word_1_3' title='bbox 236 622 276 664; x_wconf 92' lang='grc' dir='ltr'><strong>σε</strong></span> <span class='ocrx_word' id='word_1_4' title='bbox 296 602 368 678; x_wconf 88' lang='grc' dir='ltr'><strong><em>μετ’</em></strong></span> <span class='ocrx_word' id='word_1_5' title='bbox 392 602 539 681; x_wconf 82' lang='grc' dir='ltr'><strong><em>εὐχωλαῖς</em></strong></span> <span class='ocrx_word' id='word_1_6' title='bbox 560 600 756 667; x_wconf 69' lang='grc' dir='ltr'><strong><em>ἐκαλέσσατο</em></strong></span> <span class='ocrx_word' id='word_1_7' title='bbox 773 599 956 679; x_wconf 73' lang='grc' dir='ltr'><strong><em>λευγαλέας</em></strong></span> <span class='ocrx_word' id='word_1_8' title='bbox 974 602 1001 667; x_wconf 83' lang='grc' dir='ltr'><strong>οἱ</strong></span> 
     </span>
     <span class='ocr_line' id='line_1_3' title="bbox 284 720 965 803; baseline 0 -16"><span class='ocrx_word' id='word_1_9' title='bbox 284 727 379 803; x_wconf 83' lang='grc' dir='ltr'><strong>κνῖρας</strong></span> <span class='ocrx_word' id='word_1_10' title='bbox 400 721 459 787; x_wconf 80' lang='grc' dir='ltr'><strong><em>οὐτ’</em></strong></span> <span class='ocrx_word' id='word_1_11' title='bbox 479 720 586 789; x_wconf 78' lang='grc' dir='ltr'><strong><em>ὠδίνων</em></strong></span> <span class='ocrx_word' id='word_1_12' title='bbox 608 730 686 798; x_wconf 79' lang='grc' dir='ltr'><strong><em>τῆλε</em></strong></span> <span class='ocrx_word' id='word_1_13' title='bbox 706 721 821 801; x_wconf 81' lang='grc' dir='ltr'><strong><em>βαλεῖν</em></strong></span> <span class='ocrx_word' id='word_1_14' title='bbox 839 720 965 803; x_wconf 77' lang='grc' dir='ltr'><strong><em>λοχῖων.</em></strong></span> 
     </span>
     <span class='ocr_line' id='line_1_4' title="bbox 111 834 1207 927; baseline 0.006 -22"><span class='ocrx_word' id='word_1_15' title='bbox 111 834 168 911; x_wconf 77' lang='lat' dir='ltr'><strong>Vs.</strong></span> <span class='ocrx_word' id='word_1_16' title='bbox 191 845 221 908; x_wconf 88' lang='lat' dir='ltr'><strong>l.</strong></span> <span class='ocrx_word' id='word_1_17' title='bbox 254 840 372 908; x_wconf 86' lang='lat' dir='ltr'><strong>codicis</strong></span> <span class='ocrx_word' id='word_1_18' title='bbox 404 836 542 909; x_wconf 75' lang='lat' dir='ltr'><strong>Palatini</strong></span> <span class='ocrx_word' id='word_1_19' title='bbox 573 843 745 910; x_wconf 84' lang='lat' dir='ltr'><strong>lectionem</strong></span> <span class='ocrx_word' id='word_1_20' title='bbox 777 845 810 910; x_wconf 90' lang='lat' dir='ltr'><strong>in</strong></span> <span class='ocrx_word' id='word_1_21' title='bbox 842 840 1038 927; x_wconf 79' lang='grc' dir='ltr'><strong><em>Δαμαρὲτας</em></strong></span> <span class='ocrx_word' id='word_1_22' title='bbox 1070 840 1207 912; x_wconf 75' lang='lat' dir='ltr'><strong>mutavit</strong></span> 
     </span>
     <span class='ocr_line' id='line_1_5' title="bbox 102 960 1253 1061; baseline 0.006 -34"><span class='ocrx_word' id='word_1_23' title='bbox 102 983 179 1028; x_wconf 85' lang='lat' dir='ltr'><strong>cunr</strong></span> <span class='ocrx_word' id='word_1_24' title='bbox 202 960 359 1033; x_wconf 84' lang='lat' dir='ltr'><strong>Salmasio</strong></span> <span class='ocrx_word' id='word_1_25' title='bbox 379 963 575 1031; x_wconf 82' lang='lat' dir='ltr'><strong>Bruuckius.</strong></span> <span class='ocrx_word' id='word_1_26' title='bbox 622 964 802 1033; x_wconf 75' lang='lat' dir='ltr'><strong>Meinekius</strong></span> <span class='ocrx_word' id='word_1_27' title='bbox 825 987 899 1033; x_wconf 82' lang='lat' dir='ltr'><strong>vero</strong></span> <span class='ocrx_word' id='word_1_28' title='bbox 922 988 957 1055; x_wconf 92' lang='lat' dir='ltr'><strong>p.</strong></span> <span class='ocrx_word' id='word_1_29' title='bbox 977 967 1055 1034; x_wconf 76' lang='lat' dir='ltr'><strong>tua.</strong></span> <span class='ocrx_word' id='word_1_30' title='bbox 1082 964 1205 1034; x_wconf 78' lang='lat' dir='ltr'><strong>leniore</strong></span> <span class='ocrx_word' id='word_1_31' title='bbox 1249 1054 1253 1061; x_wconf 29' lang='grc' dir='ltr'>Ι</span> 
     </span>
     <span class='ocr_line' id='line_1_6' title="bbox 102 1078 1207 1178; baseline 0.005 -29"><span class='ocrx_word' id='word_1_32' title='bbox 102 1083 281 1151; x_wconf 78' lang='lat' dir='ltr'><strong>mutatione</strong></span> <span class='ocrx_word' id='word_1_33' title='bbox 303 1078 513 1168; x_wconf 77' lang='grc' dir='ltr'><strong><em>Ἀμφαρὲτας</em></strong></span> <span class='ocrx_word' id='word_1_34' title='bbox 533 1087 681 1175; x_wconf 56' lang='lat' dir='ltr'><strong>scripsit,</strong></span> <span class='ocrx_word' id='word_1_35' title='bbox 705 1085 804 1176; x_wconf 85' lang='lat' dir='ltr'><strong>idque</strong></span> <span class='ocrx_word' id='word_1_36' title='bbox 828 1108 945 1153; x_wconf 88' lang='lat' dir='ltr'><strong>nomen</strong></span> <span class='ocrx_word' id='word_1_37' title='bbox 965 1087 1207 1178; x_wconf 81' lang='lat' dir='ltr'><strong>comparatione</strong></span> 
     </span>
     <span class='ocr_line' id='line_1_7' title="bbox 103 1203 1207 1292; baseline 0.004 -23"><span class='ocrx_word' id='word_1_38' title='bbox 103 1203 276 1272; x_wconf 84' lang='lat' dir='ltr'><strong>similium:</strong></span> <span class='ocrx_word' id='word_1_39' title='bbox 310 1205 529 1291; x_wconf 65' lang='grc' dir='ltr'><strong><em>Ἀμφιμένης,</em></strong></span> <span class='ocrx_word' id='word_1_40' title='bbox 563 1206 778 1292; x_wconf 70' lang='grc' dir='ltr'><strong><em>Ἀμφίμαχος</em></strong></span> <span class='ocrx_word' id='word_1_41' title='bbox 804 1220 868 1277; x_wconf 86' lang='lat' dir='ltr'><strong>etc.</strong></span> <span class='ocrx_word' id='word_1_42' title='bbox 892 1209 994 1285; x_wconf 86' lang='lat' dir='ltr'><strong>tuitus</strong></span> <span class='ocrx_word' id='word_1_43' title='bbox 1016 1220 1076 1277; x_wconf 84' lang='lat' dir='ltr'><strong>est.</strong></span> <span class='ocrx_word' id='word_1_44' title='bbox 1123 1205 1207 1275; x_wconf 80' lang='lat' dir='ltr'><strong>ttihi</strong></span> 
     </span>
     <span class='ocr_line' id='line_1_8' title="bbox 102 1325 1206 1418; baseline 0.004 -28"><span class='ocrx_word' id='word_1_45' title='bbox 102 1325 308 1395; x_wconf 86' lang='lat' dir='ltr'><strong>scribendum</strong></span> <span class='ocrx_word' id='word_1_46' title='bbox 330 1326 476 1396; x_wconf 81' lang='lat' dir='ltr'><strong>ridetur:</strong></span> <span class='ocrx_word' id='word_1_47' title='bbox 502 1326 707 1410; x_wconf 81' lang='grc' dir='ltr'><strong><em>Φανναρύτας.</em></strong></span> <span class='ocrx_word' id='word_1_48' title='bbox 740 1328 810 1396; x_wconf 74' lang='lat' dir='ltr'><strong>&#39;Vs</strong></span> <span class='ocrx_word' id='word_1_49' title='bbox 833 1333 881 1395; x_wconf 74' lang='lat'><strong>3..</strong></span> <span class='ocrx_word' id='word_1_50' title='bbox 902 1327 1030 1395; x_wconf 87' lang='lat' dir='ltr'><strong>codicis·</strong></span> <span class='ocrx_word' id='word_1_51' title='bbox 1046 1328 1206 1418; x_wconf 87' lang='lat' dir='ltr'><strong>scriptura</strong></span> 
     </span>
     <span class='ocr_line' id='line_1_9' title="bbox 103 1446 1204 1537; baseline 0.003 -25"><span class='ocrx_word' id='word_1_52' title='bbox 103 1460 173 1513; x_wconf 87' lang='lat' dir='ltr'><strong>est:</strong></span> <span class='ocrx_word' id='word_1_53' title='bbox 198 1449 238 1521; x_wconf 79' lang='grc' dir='ltr'><strong>οῖς</strong></span> <span class='ocrx_word' id='word_1_54' title='bbox 258 1446 293 1512; x_wconf 80' lang='grc' dir='ltr'><strong>σὲ</strong></span> <span class='ocrx_word' id='word_1_55' title='bbox 312 1448 385 1527; x_wconf 87' lang='grc' dir='ltr'><strong><em>μετ’</em></strong></span> <span class='ocrx_word' id='word_1_56' title='bbox 407 1448 587 1528; x_wconf 73' lang='grc' dir='ltr'><strong><em>εὐχωλαῖς,</em></strong></span> <span class='ocrx_word' id='word_1_57' title='bbox 613 1450 895 1537; x_wconf 83' lang='lat' dir='ltr'><strong>qurmrerocarit</strong></span> <span class='ocrx_word' id='word_1_58' title='bbox 921 1448 1103 1533; x_wconf 74' lang='lat' dir='ltr'><strong>Meinairius</strong></span> <span class='ocrx_word' id='word_1_59' title='bbox 1133 1470 1204 1515; x_wconf 78' lang='lat' dir='ltr'><strong>rer-</strong></span> 
     </span>
     <span class='ocr_line' id='line_1_10' title="bbox 103 1565 1205 1657; baseline 0.003 -24"><span class='ocrx_word' id='word_1_60' title='bbox 103 1568 209 1633; x_wconf 85' lang='lat' dir='ltr'><strong>haita</strong></span> <span class='ocrx_word' id='word_1_61' title='bbox 237 1568 453 1657; x_wconf 78' lang='lat' dir='ltr'><strong>coniungens:</strong></span> <span class='ocrx_word' id='word_1_62' title='bbox 479 1565 518 1643; x_wconf 74' lang='grc' dir='ltr'><strong>ὥς</strong></span> <span class='ocrx_word' id='word_1_63' title='bbox 547 1592 582 1632; x_wconf 90' lang='grc' dir='ltr'><strong>σε</strong></span> <span class='ocrx_word' id='word_1_64' title='bbox 612 1567 882 1646; x_wconf 78' lang='grc' dir='ltr'><strong><em>μετεκαλέσσατο-</em></strong></span> <span class='ocrx_word' id='word_1_65' title='bbox 900 1571 1069 1650; x_wconf 72' lang='grc' dir='ltr'><strong><em>εὐχωλαῖς.</em></strong></span> <span class='ocrx_word' id='word_1_66' title='bbox 1117 1568 1205 1636; x_wconf 90' lang='lat' dir='ltr'><strong>Scri·</strong></span> 
     </span>
     <span class='ocr_line' id='line_1_11' title="bbox 104 1687 420 1758; baseline 0.006 -2"><span class='ocrx_word' id='word_1_67' title='bbox 104 1688 246 1757; x_wconf 86' lang='lat' dir='ltr'><strong>bendum</strong></span> <span class='ocrx_word' id='word_1_68' title='bbox 271 1687 420 1758; x_wconf 84' lang='lat' dir='ltr'><strong>ridetur:</strong></span> 
     </span>
     <span class='ocr_line' id='line_1_12' title="bbox 191 1806 1178 1892; baseline 0.001 -15"><span class='ocrx_word' id='word_1_69' title='bbox 191 1806 232 1885; x_wconf 71' lang='grc' dir='ltr'><strong>οἷς</strong></span> <span class='ocrx_word' id='word_1_70' title='bbox 256 1834 294 1877; x_wconf 87' lang='grc' dir='ltr'><strong>σε.</strong></span> <span class='ocrx_word' id='word_1_71' title='bbox 315 1814 388 1890; x_wconf 89' lang='grc' dir='ltr'><strong><em>μετ’</em></strong></span> <span class='ocrx_word' id='word_1_72' title='bbox 412 1813 560 1892; x_wconf 74' lang='grc' dir='ltr'><strong>εὐχωλαῖς</strong></span> <span class='ocrx_word' id='word_1_73' title='bbox 582 1811 778 1877; x_wconf 78' lang='grc' dir='ltr'><strong>ἐκαλέσσατο</strong></span> <span class='ocrx_word' id='word_1_74' title='bbox 795 1848 842 1860; x_wconf 95' lang='lat'><em>-</em></span> <span class='ocrx_word' id='word_1_75' title='bbox 859 1820 937 1888; x_wconf 77' lang='grc' dir='ltr'><strong><em>τῆλε</em></strong></span> <span class='ocrx_word' id='word_1_76' title='bbox 956 1812 1082 1890; x_wconf 78' lang='grc' dir='ltr'><strong><em>βαλεῖν.</em></strong></span> <span class='ocrx_word' id='word_1_77' title='bbox 1175 1850 1178 1856; x_wconf 94' lang='lat'><em>·</em></span> 
     </span>
     <span class='ocr_line' id='line_1_13' title="bbox 105 1929 1204 2024; baseline -0.002 -25"><span class='ocrx_word' id='word_1_78' title='bbox 105 1930 273 1999; x_wconf 87' lang='lat' dir='ltr'><strong>Lucinam.</strong></span> <span class='ocrx_word' id='word_1_79' title='bbox 288 1931 448 1997; x_wconf 77' lang='lat' dir='ltr'><strong>invocavit</strong></span> <span class='ocrx_word' id='word_1_80' title='bbox 474 1929 671 1999; x_wconf 78' lang='lat' dir='ltr'><strong>Phaenarete</strong></span> <span class='ocrx_word' id='word_1_81' title='bbox 697 1952 770 2001; x_wconf 89' lang='lat' dir='ltr'><strong>cum</strong></span> <span class='ocrx_word' id='word_1_82' title='bbox 794 1945 867 1999; x_wconf 87' lang='lat' dir='ltr'><strong>roto</strong></span> <span class='ocrx_word' id='word_1_83' title='bbox 886 1931 966 2000; x_wconf 87' lang='lat' dir='ltr'><strong>haec</strong></span> <span class='ocrx_word' id='word_1_84' title='bbox 993 1935 1060 2024; x_wconf 83' lang='lat' dir='ltr'><strong>ipsa</strong></span> <span class='ocrx_word' id='word_1_85' title='bbox 1083 1930 1204 1998; x_wconf 81' lang='lat' dir='ltr'><strong>donau</strong></span> 
     </span>
     <span class='ocr_line' id='line_1_14' title="bbox 102 2050 1205 2141; baseline 0.002 -26"><span class='ocrx_word' id='word_1_86' title='bbox 102 2073 136 2118; x_wconf 83' lang='lat' dir='ltr'><strong>sc</strong></span> <span class='ocrx_word' id='word_1_87' title='bbox 167 2050 351 2119; x_wconf 83' lang='lat' dir='ltr'><strong>dedicatum</strong></span> <span class='ocrx_word' id='word_1_88' title='bbox 384 2052 436 2121; x_wconf 89' lang='lat' dir='ltr'><strong>iri.</strong></span> <span class='ocrx_word' id='word_1_89' title='bbox 495 2050 753 2141; x_wconf 67' lang='lat' dir='ltr'><strong>(temperandum</strong></span> <span class='ocrx_word' id='word_1_90' title='bbox 795 2052 1007 2119; x_wconf 71' lang='lat' dir='ltr'><strong>Anacreontis</strong></span> <span class='ocrx_word' id='word_1_91' title='bbox 1045 2050 1205 2119; x_wconf 87' lang='lat' dir='ltr'><strong>distichon</strong></span> 
     </span>
     <span class='ocr_line' id='line_1_15' title="bbox 105 2170 400 2248; baseline -0.003 -9"><span class='ocrx_word' id='word_1_92' title='bbox 105 2170 294 2248; x_wconf 79' lang='lat' dir='ltr'><strong>t.1¹.v1‚</strong></span> <span class='ocrx_word' id='word_1_93' title='bbox 322 2173 400 2238; x_wconf 80' lang='lat' dir='ltr'><strong>tur.</strong></span> 
     </span>
     <span class='ocr_line' id='line_1_16' title="bbox 192 2286 1037 2375; baseline 0.002 -18"><span class='ocrx_word' id='word_1_94' title='bbox 192 2288 341 2375; x_wconf 78' lang='grc' dir='ltr'><strong><em>Πρύφρων</em></strong></span> <span class='ocrx_word' id='word_1_95' title='bbox 359 2286 562 2371; x_wconf 80' lang='grc' dir='ltr'><strong><em>Ἀρχυρύτοξε</em></strong></span> <span class='ocrx_word' id='word_1_96' title='bbox 583 2289 662 2358; x_wconf 67' lang='grc' dir='ltr'><strong><em>δαῖον</em></strong></span> <span class='ocrx_word' id='word_1_97' title='bbox 681 2290 776 2374; x_wconf 78' lang='grc' dir='ltr'><strong>χοῖρον</strong></span> <span class='ocrx_word' id='word_1_98' title='bbox 794 2292 961 2374; x_wconf 75' lang='grc' dir='ltr'><strong>Αἰσχύλον</strong></span> <span class='ocrx_word' id='word_1_99' title='bbox 982 2294 1037 2374; x_wconf 68' lang='lat' dir='ltr'><strong>uiis</strong></span> 
     </span>
     <span class='ocr_line' id='line_1_17' title="bbox 283 2408 1025 2491; baseline 0 -16"><span class='ocrx_word' id='word_1_100' title='bbox 283 2408 484 2491; x_wconf 78' lang='grc' dir='ltr'><strong><em>Ναυκράτει,</em></strong></span> <span class='ocrx_word' id='word_1_101' title='bbox 511 2410 657 2489; x_wconf 75' lang='grc' dir='ltr'><strong><em>εὐχωλὰς</em></strong></span> <span class='ocrx_word' id='word_1_102' title='bbox 681 2409 768 2483; x_wconf 78' lang='grc' dir='ltr'><strong><em>τάςδ’</em></strong></span> <span class='ocrx_word' id='word_1_103' title='bbox 788 2409 1025 2489; x_wconf 75' lang='grc' dir='ltr'><strong>ὐτούεξάμενος.</strong></span> 
     </span>
     <span class='ocr_line' id='line_1_18' title="bbox 104 2525 1205 2618; baseline 0 -22"><span class='ocrx_word' id='word_1_104' title='bbox 104 2531 232 2599; x_wconf 86' lang='lat' dir='ltr'><strong>Possem</strong></span> <span class='ocrx_word' id='word_1_105' title='bbox 265 2528 359 2618; x_wconf 87' lang='lat' dir='ltr'><strong>plura</strong></span> <span class='ocrx_word' id='word_1_106' title='bbox 387 2525 443 2593; x_wconf 91' lang='lat' dir='ltr'><strong>hic</strong></span> <span class='ocrx_word' id='word_1_107' title='bbox 467 2549 629 2616; x_wconf 86' lang='lat' dir='ltr'><strong>apponere</strong></span> <span class='ocrx_word' id='word_1_108' title='bbox 654 2529 794 2595; x_wconf 84' lang='lat' dir='ltr'><strong>carmina</strong></span> <span class='ocrx_word' id='word_1_109' title='bbox 816 2542 889 2618; x_wconf 86' lang='lat' dir='ltr'><strong>post</strong></span> <span class='ocrx_word' id='word_1_110' title='bbox 920 2528 1205 2617; x_wconf 78' lang='lat' dir='ltr'><strong>selicem&#39;partuur</strong></span> 
     </span>
     <span class='ocr_line' id='line_1_19' title="bbox 103 2647 1205 2740; baseline 0.001 -22"><span class='ocrx_word' id='word_1_111' title='bbox 103 2652 222 2740; x_wconf 87' lang='lat' dir='ltr'><strong>scripta</strong></span> <span class='ocrx_word' id='word_1_112' title='bbox 245 2661 277 2716; x_wconf 84' lang='lat' dir='ltr'><strong>et</strong></span> <span class='ocrx_word' id='word_1_113' title='bbox 302 2647 443 2715; x_wconf 86' lang='lat' dir='ltr'><strong>donariis</strong></span> <span class='ocrx_word' id='word_1_114' title='bbox 467 2647 599 2726; x_wconf 88' lang='lat' dir='ltr'><strong>addita,</strong></span> <span class='ocrx_word' id='word_1_115' title='bbox 624 2648 679 2715; x_wconf 87' lang='lat' dir='ltr'><strong>sed</strong></span> <span class='ocrx_word' id='word_1_116' title='bbox 698 2648 833 2717; x_wconf 87' lang='lat' dir='ltr'><strong>sufficiat</strong></span> <span class='ocrx_word' id='word_1_117' title='bbox 854 2649 931 2715; x_wconf 89' lang='lat' dir='ltr'><strong>hinc</strong></span> <span class='ocrx_word' id='word_1_118' title='bbox 951 2651 1113 2718; x_wconf 90' lang='lat' dir='ltr'><strong>monuisse</strong></span> <span class='ocrx_word' id='word_1_119' title='bbox 1133 2672 1205 2719; x_wconf 90' lang='lat' dir='ltr'><strong>cor·</strong></span> 
     </span>
     <span class='ocr_line' id='line_1_20' title="bbox 105 2770 924 2861; baseline 0.002 -22"><span class='ocrx_word' id='word_1_120' title='bbox 105 2787 236 2861; x_wconf 89' lang='lat' dir='ltr'><strong>ruptum</strong></span> <span class='ocrx_word' id='word_1_121' title='bbox 258 2793 324 2839; x_wconf 84' lang='lat' dir='ltr'><strong>essa</strong></span> <span class='ocrx_word' id='word_1_122' title='bbox 344 2770 464 2837; x_wconf 81' lang='lat' dir='ltr'><strong>Persae.</strong></span> <span class='ocrx_word' id='word_1_123' title='bbox 483 2771 678 2861; x_wconf 78' lang='lat' dir='ltr'><strong>epigramma</strong></span> <span class='ocrx_word' id='word_1_124' title='bbox 701 2771 769 2851; x_wconf 81' lang='lat' dir='ltr'><strong>vt,</strong></span> <span class='ocrx_word' id='word_1_125' title='bbox 794 2793 824 2840; x_wconf 91' lang='lat' dir='ltr'><strong>c.</strong></span> <span class='ocrx_word' id='word_1_126' title='bbox 845 2774 924 2842; x_wconf 82' lang='lat'><strong>272.</strong></span> 
     </span>
     <span class='ocr_line' id='line_1_21' title="bbox 192 2888 1024 2973; baseline 0.001 -14"><span class='ocrx_word' id='word_1_127' title='bbox 192 2891 290 2972; x_wconf 86' lang='grc' dir='ltr'><strong>Ζοῖμά</strong></span> <span class='ocrx_word' id='word_1_128' title='bbox 310 2916 379 2967; x_wconf 83' lang='grc' dir='ltr'><strong><em>τοο,</em></strong></span> <span class='ocrx_word' id='word_1_129' title='bbox 402 2888 425 2956; x_wconf 77' lang='grc' dir='ltr'><strong><em>ὦ</em></strong></span> <span class='ocrx_word' id='word_1_130' title='bbox 448 2892 563 2959; x_wconf 80' lang='grc' dir='ltr'><strong><em>Λατοῖ</em></strong></span> <span class='ocrx_word' id='word_1_131' title='bbox 583 2894 635 2958; x_wconf 77' lang='grc' dir='ltr'><strong><em>καὶ</em></strong></span> <span class='ocrx_word' id='word_1_132' title='bbox 655 2892 848 2973; x_wconf 83' lang='grc' dir='ltr'><strong><em>άνύεμύεντα</em></strong></span> <span class='ocrx_word' id='word_1_133' title='bbox 868 2893 1024 2962; x_wconf 80' lang='grc' dir='ltr'><strong><em>κύαασσον</em></strong></span> 
     </span>
     <span class='ocr_line' id='line_1_22' title="bbox 286 3012 1046 3105; baseline 0.003 -26"><span class='ocrx_word' id='word_1_134' title='bbox 286 3012 339 3079; x_wconf 79' lang='grc' dir='ltr'><strong><em>καὶ</em></strong></span> <span class='ocrx_word' id='word_1_135' title='bbox 357 3014 472 3096; x_wconf 76' lang='grc' dir='ltr'><strong><em>μίτραν</em></strong></span> <span class='ocrx_word' id='word_1_136' title='bbox 491 3021 626 3093; x_wconf 83' lang='grc' dir='ltr'><strong>μαστοῖς</strong></span> <span class='ocrx_word' id='word_1_137' title='bbox 646 3014 796 3098; x_wconf 75' lang='grc' dir='ltr'><strong><em>σΦνχκτά</em></strong></span> <span class='ocrx_word' id='word_1_138' title='bbox 815 3014 1046 3105; x_wconf 78' lang='grc' dir='ltr'><strong><em>αερντλομὲναν</em></strong></span> 
     </span>
     <span class='ocr_line' id='line_1_23' title="bbox 192 3133 1018 3215; baseline 0 -16"><span class='ocrx_word' id='word_1_139' title='bbox 192 3136 306 3212; x_wconf 71' lang='grc' dir='ltr'><strong><em>θήκατο</em></strong></span> <span class='ocrx_word' id='word_1_140' title='bbox 330 3133 503 3215; x_wconf 85' lang='grc' dir='ltr'><strong><em>Τομάεσσα</em></strong></span> <span class='ocrx_word' id='word_1_141' title='bbox 525 3134 737 3202; x_wconf 77' lang='grc' dir='ltr'><strong>δυσωδῖνονο</strong></span> <span class='ocrx_word' id='word_1_142' title='bbox 758 3134 910 3212; x_wconf 78' lang='grc' dir='ltr'><strong><em>χενὲὐλας</em></strong></span> <span class='ocrx_word' id='word_1_143' title='bbox 1001 3150 1018 3183; x_wconf 86' lang='grc'><strong>’-</strong></span> 
     </span>
     <span class='ocr_line' id='line_1_24' title="bbox 172 3253 979 3338; baseline -0.005 -14"><span class='ocrx_word' id='word_1_144' title='bbox 172 3304 176 3309; x_wconf 93' lang='grc'>-</span> <span class='ocrx_word' id='word_1_145' title='bbox 282 3255 439 3338; x_wconf 79' lang='grc' dir='ltr'><strong><em>άρχαλὲον</em></strong></span> <span class='ocrx_word' id='word_1_146' title='bbox 460 3255 581 3338; x_wconf 77' lang='grc' dir='ltr'><strong><em>δεκάτῳ</em></strong></span> <span class='ocrx_word' id='word_1_147' title='bbox 602 3257 675 3334; x_wconf 81' lang='grc' dir='ltr'><strong>μκνῖ</strong></span> <span class='ocrx_word' id='word_1_148' title='bbox 699 3258 851 3336; x_wconf 69' lang='grc' dir='ltr'><strong><em>φαγοῦσα</em></strong></span> <span class='ocrx_word' id='word_1_149' title='bbox 872 3253 979 3337; x_wconf 81' lang='grc' dir='ltr'><strong><em>βάρος.</em></strong></span> 
     </span>
     <span class='ocr_line' id='line_1_25' title="bbox 102 3373 1205 3466; baseline 0 -23"><span class='ocrx_word' id='word_1_150' title='bbox 102 3378 139 3443; x_wconf 87' lang='lat' dir='ltr'><strong>iu</strong></span> <span class='ocrx_word' id='word_1_151' title='bbox 165 3398 228 3466; x_wconf 91' lang='lat' dir='ltr'><strong>quo</strong></span> <span class='ocrx_word' id='word_1_152' title='bbox 257 3400 303 3443; x_wconf 87' lang='lat' dir='ltr'><strong>rs.</strong></span> <span class='ocrx_word' id='word_1_153' title='bbox 324 3381 357 3443; x_wconf 87' lang='grc'><strong>3.</strong></span> <span class='ocrx_word' id='word_1_154' title='bbox 390 3375 558 3441; x_wconf 75' lang='grc' dir='ltr'><strong>δοσωδῖνονο</strong></span> <span class='ocrx_word' id='word_1_155' title='bbox 583 3376 672 3440; x_wconf 89' lang='lat' dir='ltr'><strong>tenui</strong></span> <span class='ocrx_word' id='word_1_156' title='bbox 704 3388 827 3442; x_wconf 87' lang='lat' dir='ltr'><strong>tanturn</strong></span> <span class='ocrx_word' id='word_1_157' title='bbox 862 3377 977 3444; x_wconf 89' lang='lat' dir='ltr'><strong>nititur</strong></span> <span class='ocrx_word' id='word_1_158' title='bbox 1004 3373 1125 3442; x_wconf 82' lang='lat' dir='ltr'><strong>codicis</strong></span> <span class='ocrx_word' id='word_1_159' title='bbox 1147 3396 1205 3443; x_wconf 89' lang='lat' dir='ltr'><strong>au·</strong></span> 
     </span>
     <span class='ocr_line' id='line_1_26' title="bbox 103 3492 1203 3588; baseline 0.002 -28"><span class='ocrx_word' id='word_1_160' title='bbox 103 3496 264 3563; x_wconf 82' lang='lat' dir='ltr'><strong>ctoritate.</strong></span> <span class='ocrx_word' id='word_1_161' title='bbox 312 3492 479 3582; x_wconf 85' lang='lat' dir='ltr'><strong>Scriptum</strong></span> <span class='ocrx_word' id='word_1_162' title='bbox 510 3494 611 3560; x_wconf 85' lang='lat' dir='ltr'><strong>enim:</strong></span> <span class='ocrx_word' id='word_1_163' title='bbox 646 3493 769 3563; x_wconf 77' lang='grc' dir='ltr'><strong>δαύίνονο</strong></span> <span class='ocrx_word' id='word_1_164' title='bbox 795 3497 1019 3588; x_wconf 76' lang='lat' dir='ltr'><strong>suprascriptis</strong></span> <span class='ocrx_word' id='word_1_165' title='bbox 1049 3496 1082 3564; x_wconf 92' lang='lat' dir='ltr'><strong>in</strong></span> <span class='ocrx_word' id='word_1_166' title='bbox 1109 3497 1203 3564; x_wconf 89' lang='lat' dir='ltr'><strong>initio</strong></span> 
     </span>
     <span class='ocr_line' id='line_1_27' title="bbox 102 3612 1203 3708; baseline 0.003 -29"><span class='ocrx_word' id='word_1_167' title='bbox 102 3613 225 3683; x_wconf 81' lang='lat' dir='ltr'><strong>literis:</strong></span> <span class='ocrx_word' id='word_1_168' title='bbox 251 3638 304 3703; x_wconf 80' lang='grc' dir='ltr'><strong>τω.</strong></span> <span class='ocrx_word' id='word_1_169' title='bbox 353 3612 454 3683; x_wconf 84' lang='lat' dir='ltr'><strong>Unde·</strong></span> <span class='ocrx_word' id='word_1_170' title='bbox 474 3613 695 3703; x_wconf 87' lang='lat' dir='ltr'><strong>reponendum</strong></span> <span class='ocrx_word' id='word_1_171' title='bbox 724 3615 825 3683; x_wconf 84' lang='lat' dir='ltr'><strong>videri</strong></span> <span class='ocrx_word' id='word_1_172' title='bbox 851 3618 974 3708; x_wconf 86' lang='lat' dir='ltr'><strong>possit:</strong></span> <span class='ocrx_word' id='word_1_173' title='bbox 1008 3617 1121 3695; x_wconf 79' lang='grc' dir='ltr'><strong><em>ὐνὶκατο</em></strong></span> <span class='ocrx_word' id='word_1_174' title='bbox 1146 3626 1203 3683; x_wconf 85' lang='grc' dir='ltr'><strong>Τν·</strong></span> 
     </span>
     <span class='ocr_line' id='line_1_28' title="bbox 100 3731 1204 3815; baseline 0.004 -15"><span class='ocrx_word' id='word_1_175' title='bbox 100 3733 217 3815; x_wconf 85' lang='grc' dir='ltr'><strong><em>μάεσσ’</em></strong></span> <span class='ocrx_word' id='word_1_176' title='bbox 240 3731 385 3800; x_wconf 76' lang='grc' dir='ltr'><strong><em>εὐωδίνονο</em></strong></span> <span class='ocrx_word' id='word_1_177' title='bbox 415 3734 577 3814; x_wconf 78' lang='grc' dir='ltr'><strong><em>χενὲὐλας.</em></strong></span> <span class='ocrx_word' id='word_1_178' title='bbox 625 3735 690 3805; x_wconf 88' lang='lat' dir='ltr'><strong>Sed</strong></span> <span class='ocrx_word' id='word_1_179' title='bbox 715 3734 792 3805; x_wconf 87' lang='lat' dir='ltr'><strong>huic</strong></span> <span class='ocrx_word' id='word_1_180' title='bbox 812 3738 1005 3809; x_wconf 80' lang='lat' dir='ltr'><strong>correctioni</strong></span> <span class='ocrx_word' id='word_1_181' title='bbox 1027 3760 1090 3803; x_wconf 92' lang='lat' dir='ltr'><strong>non</strong></span> <span class='ocrx_word' id='word_1_182' title='bbox 1118 3737 1204 3804; x_wconf 81' lang='lat' dir='ltr'><strong>iuret</strong></span> 
     </span>
     <span class='ocr_line' id='line_1_29' title="bbox 102 3856 1203 3949; baseline 0 -26"><span class='ocrx_word' id='word_1_183' title='bbox 102 3856 296 3942; x_wconf 85' lang='lat' dir='ltr'><strong>adiectirum</strong></span> <span class='ocrx_word' id='word_1_184' title='bbox 323 3857 498 3938; x_wconf 77' lang='grc' dir='ltr'><strong>άρχαλέον,</strong></span> <span class='ocrx_word' id='word_1_185' title='bbox 533 3880 639 3949; x_wconf 84' lang='lat' dir='ltr'><strong>neque</strong></span> <span class='ocrx_word' id='word_1_186' title='bbox 665 3871 752 3927; x_wconf 85' lang='lat' dir='ltr'><strong>recte</strong></span> <span class='ocrx_word' id='word_1_187' title='bbox 780 3857 846 3927; x_wconf 86' lang='lat' dir='ltr'><strong>diui</strong></span> <span class='ocrx_word' id='word_1_188' title='bbox 873 3859 999 3929; x_wconf 84' lang='lat' dir='ltr'><strong>ridetur</strong></span> <span class='ocrx_word' id='word_1_189' title='bbox 1020 3858 1126 3927; x_wconf 77' lang='grc' dir='ltr'><strong><em>εὐύδνν</em></strong></span> <span class='ocrx_word' id='word_1_190' title='bbox 1151 3857 1203 3925; x_wconf 83' lang='lat' dir='ltr'><strong>rel</strong></span> 
     </span>
     <span class='ocr_line' id='line_1_30' title="bbox 101 3975 1202 4071; baseline 0 -25"><span class='ocrx_word' id='word_1_191' title='bbox 101 3978 235 4051; x_wconf 74' lang='grc' dir='ltr'><strong>εὐώδινος</strong></span> <span class='ocrx_word' id='word_1_192' title='bbox 260 3975 300 4041; x_wconf 88' lang='lat' dir='ltr'><strong>de</strong></span> <span class='ocrx_word' id='word_1_193' title='bbox 331 3976 422 4064; x_wconf 89' lang='lat' dir='ltr'><strong>prole</strong></span> <span class='ocrx_word' id='word_1_194' title='bbox 455 3980 670 4067; x_wconf 78' lang='lat' dir='ltr'><strong>quamanira</strong></span> <span class='ocrx_word' id='word_1_195' title='bbox 699 3990 745 4047; x_wconf 84' lang='lat' dir='ltr'><strong>est</strong></span> <span class='ocrx_word' id='word_1_196' title='bbox 761 4002 939 4071; x_wconf 83' lang='lat' dir='ltr'><strong>puerpera.</strong></span> <span class='ocrx_word' id='word_1_197' title='bbox 987 3978 1202 4067; x_wconf 78' lang='lat' dir='ltr'><strong>Quamobrem</strong></span> 
     </span>
     <span class='ocr_line' id='line_1_31' title="bbox 101 4088 1201 4190; baseline 0 -23"><span class='ocrx_word' id='word_1_198' title='bbox 101 4113 228 4190; x_wconf 86' lang='lat' dir='ltr'><strong>poetam</strong></span> <span class='ocrx_word' id='word_1_199' title='bbox 260 4088 422 4188; x_wconf 81' lang='lat' dir='ltr'><strong>scripsisse</strong></span> <span class='ocrx_word' id='word_1_200' title='bbox 450 4111 551 4187; x_wconf 82' lang='lat' dir='ltr'><strong>puto:</strong></span> <span class='ocrx_word' id='word_1_201' title='bbox 576 4098 756 4169; x_wconf 75' lang='grc' dir='ltr'><strong>δνσσωδῖνονο</strong></span> <span class='ocrx_word' id='word_1_202' title='bbox 781 4101 944 4182; x_wconf 74' lang='grc' dir='ltr'><strong>χενέὐλαο.</strong></span> <span class='ocrx_word' id='word_1_203' title='bbox 992 4100 1054 4169; x_wconf 78' lang='lat' dir='ltr'><strong>set</strong></span> <span class='ocrx_word' id='word_1_204' title='bbox 1077 4101 1120 4167; x_wconf 87' lang='lat' dir='ltr'><strong>ita</strong></span> <span class='ocrx_word' id='word_1_205' title='bbox 1142 4124 1201 4168; x_wconf 91' lang='lat' dir='ltr'><strong>no·</strong></span> 
     </span>
     <span class='ocr_line' id='line_1_32' title="bbox 101 4217 1202 4314; baseline 0.001 -24"><span class='ocrx_word' id='word_1_206' title='bbox 101 4245 176 4290; x_wconf 87' lang='lat' dir='ltr'><strong>men</strong></span> <span class='ocrx_word' id='word_1_207' title='bbox 196 4218 369 4301; x_wconf 87' lang='grc' dir='ltr'><strong><em>Τνμάεσσα</em></strong></span> <span class='ocrx_word' id='word_1_208' title='bbox 390 4217 512 4311; x_wconf 74' lang='lat' dir='ltr'><strong>syllaba</strong></span> <span class='ocrx_word' id='word_1_209' title='bbox 535 4222 728 4291; x_wconf 85' lang='lat' dir='ltr'><strong>curtandunr</strong></span> <span class='ocrx_word' id='word_1_210' title='bbox 748 4222 936 4302; x_wconf 83' lang='lat' dir='ltr'><strong>est,&#39;-·cuius.</strong></span> <span class='ocrx_word' id='word_1_211' title='bbox 964 4233 1067 4289; x_wconf 86' lang='lat' dir='ltr'><strong>metro</strong></span> <span class='ocrx_word' id='word_1_212' title='bbox 1088 4236 1202 4314; x_wconf 84' lang='lat' dir='ltr'><strong>aptan·</strong></span> 
     </span>
    </p>
   </div>
   <div class='ocr_carea' id='block_1_3' title="bbox 103 4338 1200 4437">
    <p class='ocr_par' dir='ltr' id='par_1_3' title="bbox 103 4338 1200 4437">
     <span class='ocr_line' id='line_1_33' title="bbox 103 4338 1200 4437; baseline 0.007 -34"><span class='ocrx_word' id='word_1_213' title='bbox 103 4338 135 4405; x_wconf 81' lang='lat' dir='ltr'><strong>ti</strong></span> <span class='ocrx_word' id='word_1_214' title='bbox 158 4343 240 4410; x_wconf 90' lang='lat' dir='ltr'><strong>ratio</strong></span> <span class='ocrx_word' id='word_1_215' title='bbox 265 4342 380 4413; x_wconf 85' lang='lat' dir='ltr'><strong>idonea</strong></span> <span class='ocrx_word' id='word_1_216' title='bbox 411 4367 476 4411; x_wconf 91' lang='lat' dir='ltr'><strong>non</strong></span> <span class='ocrx_word' id='word_1_217' title='bbox 507 4347 677 4417; x_wconf 83' lang='lat' dir='ltr'><strong>succurrit.</strong></span> <span class='ocrx_word' id='word_1_218' title='bbox 725 4346 811 4413; x_wconf 86' lang='lat' dir='ltr'><strong>Hinc</strong></span> <span class='ocrx_word' id='word_1_219' title='bbox 843 4357 949 4413; x_wconf 85' lang='lat' dir='ltr'><strong>autern</strong></span> <span class='ocrx_word' id='word_1_220' title='bbox 979 4346 1098 4415; x_wconf 83' lang='lat' dir='ltr'><strong>firmari</strong></span> <span class='ocrx_word' id='word_1_221' title='bbox 1120 4357 1200 4437; x_wconf 87' lang='lat' dir='ltr'><strong>puta</strong></span> 
     </span>
    </p>
   </div>
   <div class='ocr_carea' id='block_1_4' title="bbox 0 0 1426 5100">
    <p class='ocr_par' dir='ltr' id='par_1_4' title="bbox 0 0 1426 5100">
     <span class='ocr_line' id='line_1_34' title="bbox 0 0 1426 5100; baseline 0 0"><span class='ocrx_word' id='word_1_222' title='bbox 0 0 1426 5100; x_wconf 95' lang='lat' dir='ltr'><strong> </strong></span> 
     </span>
    </p>
   </div>
  </div>
 </body>
</html>
