2932 5108
635 344 840 409 -158-

183 532 271 603 uude
294 531 461 600 adrerum
487 532 659 601 lectionem
687 534 720 600 iu
745 531 925 601 lllnasalcae
956 532 1097 599 carmine
1122 528 1287 600 invenien-

182 652 257 721 dom
277 667 464 745 argumenta
482 652 601 722 ducere
624 675 689 721 non
720 654 809 723 licet.
857 652 895 720 ln
922 651 1067 721 Phaenni
1097 654 1287 745 inscriptio·

182 776 232 843 nis
255 798 300 844 rr.
323 777 355 848 1.
383 775 497 868 scripsi
519 775 624 852 οίνείην
647 797 708 864 pro
738 773 834 849 ἕνείην
858 784 891 839 ot
922 769 1065 839 detirom
1099 773 1287 859 Δαμοκρίτῳ

179 896 271 967 iunxi
300 918 374 963 cum
404 896 511 964 verbis
540 898 594 966 τὸν
623 896 726 979 βαίὺν
757 892 839 976 οἶγον
866 892 969 962 ὕπνον.
1016 897 1063 965 De
1095 916 1160 985 quo
1188 898 1288 965 etiam

181 1016 386 1087 Hermannus
412 1016 595 1089 admonuit.
652 1018 710 1086 llis
740 1015 925 1084 addendum
958 1015 1068 1108 plores
1101 1017 1289 1108 inscriptio·

176 1162 238 1207 nes
261 1140 295 1207 in
317 1162 411 1208 cenes
431 1139 575 1231 sepultos
598 1136 815 1229 Authologiae
839 1139 974 1204 insertas
996 1150 1029 1205 et
1051 1136 1176 1204 eddites
1199 1161 1289 1219 esse,

176 1283 321 1353 ¹quarum
347 1259 452 1342 duae,
483 1260 583 1329 altere
618 1258 816 1338 Simonidis,
850 1257 950 1325 nltem
982 1260 1106 1349 Anytcs
1136 1259 1291 1350 leguntur

183 1378 270 1472 opud
289 1380 456 1451 Pollucem
472 1381 523 1463 V,
548 1385 603 1452 tc.
627 1380 680 1450 καί
704 1379 769 1463 γὰρ
789 1383 808 1459 ἠ
829 1383 992 1460 Τεγεατνς
1014 1380 1130 1457 Ἀνύτη
1153 1378 1291 1464 Λοκρίδα

180 1498 273 1581 δόξης
293 1500 521 1584 ἕμτίοτληκεν,
544 1502 599 1587 ἐφ’
619 1500 654 1582 ἧς
676 1504 721 1584 τῷ
746 1498 842 1585 τοίφῳ
864 1500 989 1587 φέροντ’
1016 1500 1199 1587 ἐπέγραψεν
1223 1501 1290 1568 ντί.

184 1646 218 1692 r.
242 1621 330 1714 App.
362 1623 425 1714 cp.
448 1627 469 1691 9
494 1633 526 1692 et
550 1626 630 1693 341.
678 1620 826 1690 Addator
856 1624 1025 1714 inscriptio
1056 1624 1090 1690 in
1119 1622 1290 1693 Welcleri

184 1743 310 1835 Syllog.
335 1765 366 1811 c.
390 1746 467 1813 102.
492 1767 527 1833 p.
553 1746 629 1810 137.
1377 1725 1387 1745 ’

274 1870 408 1946 χρῆμα
430 1858 472 1929 τὸ
495 1861 649 1938 Πανθείας
671 1861 773 1942 βαοᾶρ
792 1862 880 1938 κυνὸς
904 1865 974 1946 ἠρία
996 1863 1096 1931 steriles

364 1984 483 2059 εὐνοίας
506 1991 640 2069 στοργῆς
661 1982 755 2060 sidroc
778 1984 945 2065 οίγλαίαν,

275 2103 365 2189 κούρη
385 2104 413 2173 δ’
434 2103 533 2190 cepas
554 2102 681 2189 ἄίνρμα
703 2105 826 2173 noloir’
844 2105 966 2174 incessui
983 2105 1109 2190 δακρύει

365 2226 424 2302 την
443 2226 598 2310 τροφίμην
617 2226 732 2312 φιλίας
747 2233 881 2306 μνῆστιν
902 2224 1009 2310 ἔχοντ’
1027 2229 1155 2311 ἀτρεκῆ.

184 2347 223 2416 lu
247 2366 312 2437 que
331 2346 544 2438 inscriptione
574 2348 713 2437 eleganti
733 2348 890 2414 suavitate
914 2346 1045 2414 condite
1075 2345 1161 2413 haud
1192 2346 1292 2415 dubie

183 2468 410 2559 coniungenda
446 2481 546 2541 sonte
583 2468 654 2552 ἠρία
683 2468 783 2539 κείίεν
818 2470 965 2550 ἀγλαΐαν
994 2468 1111 2546 elisor,
1146 2467 1266 2544 εὐνοίας
1278 2519 1288 2550 ,

184 2599 330 2672 arcente·
378 2589 589 2657 Accusatirus
614 2590 714 2679 igitur
734 2590 880 2669 οἱγλαίαν
907 2589 1015 2657 redire
1042 2588 1220 2658 censendus
1240 2590 1292 2657 lo·

184 2723 236 2777 ret
255 2708 295 2776 ed
316 2709 445 2777 initium
465 2715 578 2792 χρῆμα
596 2706 656 2786 τί,
682 2731 765 2800 quae
789 2709 979 2777 κορίαννον
1002 2710 1067 2776 vise
1092 2723 1168 2778 sunt
1193 2710 1291 2778 Wel·

185 2831 296 2899 ckero.
343 2828 407 2897 Sed
436 2830 482 2896 ita
506 2831 745 2898 constructione
775 2831 947 2899 verborum
969 2831 1138 2900 durissima
1161 2832 1290 2900 locutus

186 2964 268 3021 esset
291 2962 411 3043 pecto,
437 2972 538 3040 quare
563 2958 678 3034 χρῆμα
699 2950 737 3018 τί
756 2966 947 3044 corruptum
973 2955 1123 3032 ridetur,
1148 2967 1180 3021 et
1202 2954 1288 3023 idem

187 3074 250 3141 nisi
276 3074 376 3164 ipsius
398 3071 513 3163 lapidis
541 3073 733 3139 auctoritate
760 3072 811 3138 rix
834 3073 978 3140 sanabile
1006 3073 1124 3144 dicem.

232 3196 323 3263 Inter
341 3206 453 3285 poetas
473 3215 611 3284 quorum
630 3193 773 3261 carmina
796 3195 830 3260 in
853 3193 1084 3285 lnthologiam
1109 3219 1198 3263 suam
1220 3195 1289 3262 col-

184 3316 265 3408 legit
299 3316 485 3405 Meleager,
519 3316 660 3406 optimus
692 3314 778 3383 hand
811 3314 911 3384 dubie
940 3329 989 3384 est
1017 3316 1199 3387 Simonides
1229 3318 1288 3407 qui

185 3458 313 3505 omnem
343 3434 563 3525 inscriptionis
593 3435 730 3503 formem
762 3460 780 3503 a
810 3436 945 3505 rudibus
976 3441 1155 3530 prolectam
1185 3439 1288 3505 initiis

185 3559 219 3626 in
242 3579 385 3625 summac
404 3557 480 3623 artis
499 3555 718 3624 moderamine
738 3559 843 3649 coegit
861 3572 893 3625 et
916 3558 1121 3628 dulcedinem
1148 3573 1288 3629 sectatus

183 3682 220 3748 in
241 3692 430 3771 argumento
453 3677 568 3769 grandi
597 3677 692 3745 rerba
724 3678 791 3768 ipse
818 3680 983 3768 ingeniosa
1013 3681 1046 3748 in
1072 3681 1203 3752 brevem
1227 3706 1289 3773 gy.

184 3825 257 3870 rum
279 3803 460 3880 contraxit,
485 3799 582 3867 verbo
603 3797 797 3883 ἐπίγραμμα
819 3799 948 3882 τρίνονον
964 3802 996 3877 ἐς
1015 3802 1147 3886 χρύσεον
1168 3809 1286 3884 σχῆμα

182 3920 412 4006 μεθηρμόσατο.
458 3922 549 3988 Inter
573 3924 764 4012 posteriores
788 3922 918 4012 optimis
936 3922 1166 3992 annumerandi
1192 3945 1286 4014 pree·

186 4057 235 4111 tet
255 4045 357 4136 ipsum
387 4043 585 4134 Meleagrum
610 4042 770 4109 Leonidas
797 4043 989 4117 Tarentinus
1013 4060 1045 4111 et
1068 4042 1285 4111 Callimachus

185 4166 389 4255 Cyrenaeus,
414 4189 495 4258 quos
512 4166 576 4231 inm
601 4166 743 4256 ipsorum
769 4177 912 4235 veterum
943 4164 1064 4232 iudicio
1094 4167 1231 4256 optimos
1252 4167 1285 4232 in

185 4285 245 4353 lrec
265 4285 431 4353 liternum
453 4301 544 4377 porto
567 4284 693 4354 hebitos
713 4310 778 4356 esse
804 4291 976 4380 scriptores
999 4286 1153 4357 ridemus.
1201 4288 1284 4357 Leo·
