2932 5108
683 378 886 440 -ttt—

229 572 325 650 pacto
356 558 473 627 adduci
506 582 647 652 possum.
704 560 802 629 Cuius
828 560 986 628 dissensus
1024 561 1164 653 rationes
1192 560 1331 649 singulas

228 703 294 747 non
318 680 506 771 explicabo,
532 703 633 772 quum
650 679 731 749 mihi
749 702 935 771 persuasum
954 682 994 747 sit
1017 681 1147 747 criticos
1168 693 1330 771 quotquot

226 799 284 869 iros
307 824 416 869 versus
446 802 508 869 sibi
533 802 715 870 tractandos
745 813 948 882 sumserunt,
972 798 1157 891 Sapphouis
1185 813 1327 868 mantem

227 944 340 1012 parum
363 925 574 1015 perspexisse.
622 924 798 993 denotarit
822 923 908 988 enim
937 921 1104 990 Bentleius
1120 932 1257 988 statuam
1279 919 1330 988 di·

227 1065 301 1112 cere
323 1067 356 1113 se
377 1046 429 1115 rei
447 1058 571 1114 mutam
595 1046 686 1137 ioqui
704 1067 818 1136 posse,
844 1044 962 1132 siquis
984 1044 1228 1134 inscriptionem
1248 1066 1329 1135 qua·

228 1178 301 1232 tuor
321 1167 380 1259 qui
400 1182 581 1260 sequuntur
599 1167 763 1236 versieulis
781 1177 982 1234 constantem
1004 1164 1229 1256 logenstein,
1255 1178 1329 1233 ante

226 1286 324 1377 pedes
354 1290 387 1356 in
416 1289 484 1356 basi
505 1292 668 1381 positam,
693 1287 788 1356 etad
813 1285 945 1354 eandem
976 1310 1122 1354 normam
1150 1288 1330 1357 Meineirius

227 1410 356 1499 scripsit
390 1407 452 1476 hoe
488 1412 682 1501 epigramma
715 1408 911 1499 insculptum
943 1409 1039 1475 fuisse
1077 1408 1144 1475 basi
1182 1420 1329 1486 statuae,

227 1552 325 1621 quarn
352 1529 538 1620 loquentem
569 1528 730 1596 induxisse
756 1530 925 1620 poetriam.
973 1527 1037 1596 Sed
1066 1528 1186 1596 diserte
1215 1529 1331 1595 inscri-

227 1652 349 1742 ptionis
368 1653 465 1719 rerba
485 1651 704 1719 demonstrant
723 1652 824 1742 ipsam
845 1664 1006 1730 statuam,
1032 1653 1056 1721 i.
1074 1674 1104 1719 e.
1131 1662 1254 1717 statuae
1274 1649 1331 1715 ba·

227 1774 275 1839 sin
293 1771 417 1858 ἄφωνον
441 1797 529 1857 csse,
554 1773 643 1841 nulla
665 1775 764 1863 igitur
782 1774 994 1863 inscriptione
1013 1784 1171 1842 ornatam.
1216 1772 1332 1864 Neque

227 1893 269 1961 de
290 1907 393 1962 statua
416 1897 508 1962 cuius
526 1895 593 1962 basi
616 1894 774 1984 insculpta
799 1907 846 1959 est
866 1893 1033 1984 inscriptio
1061 1893 1125 1959 dici
1145 1908 1276 1985 potest,
1301 1894 1331 1960 ei

228 2037 340 2083 rocem
375 2029 449 2083 ante
485 2016 581 2108 pedes
611 2018 752 2108 positam
787 2038 866 2082 esse.
925 2013 1041 2083 Otnnia
1068 2015 1154 2080 enirn
1182 2039 1265 2105 quae
1293 2015 1331 2083 ad

230 2137 319 2204 basin
341 2151 464 2206 statuae
490 2141 618 2218 iacent,
644 2154 717 2206 ante
739 2139 836 2229 pedes
860 2149 982 2205 statuae
1004 2137 1107 2203 iacere
1140 2135 1292 2205 dicuutur
1315 2163 1331 2205 a

229 2258 373 2328 Graecis.
400 2283 430 2327 v.
454 2257 631 2325 Leonidam
652 2257 828 2326 Leonidam
855 2259 895 2325 d.
920 2259 956 2328 P.
979 2258 1045 2336 VI,
1072 2261 1151 2326 200.

318 2383 376 2447 Ἐκ
398 2380 512 2457 τόκον,
538 2381 713 2461 Εἰλήθυιαν,
739 2378 851 2463 τικρδιν
875 2379 968 2446 ὠδῖννι
990 2383 1142 2463 Φνγνῦσνι

410 2484 586 2585 Ἀιιβρντίν
606 2507 732 2569 κλεινῶν
756 2500 872 2580 disard
895 2524 941 2567 cot
965 2501 1022 2583 τρδ
1045 2500 1143 2568 acteo

319 2621 423 2702 δετμνδ
447 2621 548 2702 sedeate
572 2621 625 2688 κνι1
649 2621 789 2698 adortos,
815 2623 851 2688 ἕν
874 2617 897 2704 ᾧ
919 2618 1039 2704 δεκνὶτῳ
1063 2621 1124 2687 ε’τ1
1146 2621 1218 2699 μηνὶ

410 2740 513 2808 διττὸν
536 2740 600 2807 aisti
625 2738 717 2823 ζώνης
741 2743 817 2821 κῦμ’
841 2738 993 2822 ἐλόχευσε
1017 2740 1139 2807 τέκνων.

232 2859 324 2927 cuius
344 2862 480 2928 alterum
503 2861 663 2927 distichon
688 2863 730 2927 ita
752 2859 1012 2929 emendandume

730 2982 783 3066 ἐφ’
808 2978 830 3066 ᾧ
853 2980 973 3065 δεκάτῳ
997 2982 1039 3048 ε’ν1
1063 2982 1136 3062 μηνὶ

411 3103 513 3171 διττὸν
536 3103 595 3170 dard
616 3102 709 3186 ζῶννς
733 3107 808 3184 κῦμ’
831 3100 983 3186 ἐλόχευσε
1006 3102 1130 3170 τέκνων.

232 3224 348 3294 Verbis
367 3223 421 3309 ἐφ’
441 3219 463 3307 ᾧ
483 3225 567 3291 ιειίο
595 3223 743 3292 redditur
766 3248 865 3315 quare
891 3224 954 3292 hoe
977 3222 1144 3293 donarium
1167 3221 1336 3290 dedicare·

231 3348 275 3412 rit
296 3345 489 3412 Ambrosia:
514 3346 710 3434 praepositio
731 3344 776 3413 ἔνι’
797 3347 891 3413 unice
911 3361 1007 3438 apta,
1033 3360 1065 3413 et
1085 3344 1147 3412 dard
1166 3343 1249 3411 idern
1269 3344 1334 3410 iere

234 3463 320 3556 quod
352 3462 454 3539 ὖτέκ,
481 3463 568 3553 quod
598 3465 667 3531 aliis
697 3465 831 3534 fortasse
854 3481 1015 3557 praestaro
1047 3465 1220 3535 videbitur.
1269 3462 1335 3533 Ad·

235 3585 351 3652 dantur
372 3584 519 3651 Achaeus
538 3607 591 3674 ap.
616 3583 727 3653 Schol.
753 3589 831 3656 Eur.
859 3587 916 3656 0r.
932 3593 1009 3656 363.
1038 3614 1067 3656 ι.
1084 3588 1225 3659 Meinek.
1240 3586 1334 3655 rinal.

235 3707 325 3775 Alex.
352 3730 386 3796 p.
415 3707 487 3774 161.

414 3829 481 3892 Νῦν
501 3822 551 3892 οὖν
571 3829 661 3908 ἡμεῖς
684 3825 786 3894 tutam
801 3876 945 3892 .......

417 3945 552 4022 θειλλνύς
575 3973 610 4014 τε
635 3951 706 4015 θεῶν
729 3951 824 4033 νέρνις
840 3999 983 4017 .......

415 4202 470 4269 τῆς
491 4188 663 4272 ιὶττερότνν
688 4192 781 4266 Ζννὸς
806 4192 922 4268 dacisca.

236 4311 370 4382 Pausan.
385 4312 455 4393 IX,
485 4317 536 4382 19.
564 4319 594 4383 t.
626 4313 682 4395 τρὸ
706 4319 760 4381 τοῦ
784 4313 978 4396 ἀγάλματος
1000 4316 1057 4378 τῶν
1085 4308 1181 4374 notes
1204 4302 1339 4372 τιθέντιν
