<?xml version="1.0" encoding="UTF-8"?>
<!DOCTYPE html PUBLIC "-//W3C//DTD XHTML 1.0 Transitional//EN"
    "http://www.w3.org/TR/xhtml1/DTD/xhtml1-transitional.dtd">
<html xmlns="http://www.w3.org/1999/xhtml" xml:lang="en" lang="en">
 <head>
  <title>
</title>
<meta http-equiv="Content-Type" content="text/html;charset=utf-8" />
  <meta name='ocr-system' content='tesseract 3.04.00' />
  <meta name='ocr-capabilities' content='ocr_page ocr_carea ocr_par ocr_line ocrx_word'/>
</head>
<body>
  <div class='ocr_page' id='page_1' title='image "./commentationisc01heckgoog_0206.png"; bbox 0 0 2842 5100; ppageno 0'>
   <div class='ocr_carea' id='block_1_1' title="bbox 623 376 825 441">
    <p class='ocr_par' dir='ltr' id='par_1_1' title="bbox 623 376 825 441">
     <span class='ocr_line' id='line_1_1' title="bbox 623 376 825 441; baseline 0.01 -2"><span class='ocrx_word' id='word_1_1' title='bbox 623 376 825 441; x_wconf 81' lang='lat'><strong>-193-</strong></span> 
     </span>
    </p>
   </div>
   <div class='ocr_carea' id='block_1_2' title="bbox 155 560 1354 3915">
    <p class='ocr_par' dir='ltr' id='par_1_2' title="bbox 155 560 1354 3915">
     <span class='ocr_line' id='line_1_2' title="bbox 167 560 1267 653; baseline -0.001 -24"><span class='ocrx_word' id='word_1_2' title='bbox 167 561 272 653; x_wconf 84' lang='lat' dir='ltr'><strong>qualis</strong></span> <span class='ocrx_word' id='word_1_3' title='bbox 294 561 407 633; x_wconf 72' lang='lat' dir='ltr'><strong>Arato.</strong></span> <span class='ocrx_word' id='word_1_4' title='bbox 456 560 504 630; x_wconf 81' lang='lat' dir='ltr'><strong>td</strong></span> <span class='ocrx_word' id='word_1_5' title='bbox 532 563 671 638; x_wconf 79' lang='grc' dir='ltr'><strong><em>δηναιοιίς</em></strong></span> <span class='ocrx_word' id='word_1_6' title='bbox 695 565 860 630; x_wconf 73' lang='lat' dir='ltr'><strong>annotavit</strong></span> <span class='ocrx_word' id='word_1_7' title='bbox 883 562 1068 631; x_wconf 80' lang='lat' dir='ltr'><strong>Iacobsius:</strong></span> <span class='ocrx_word' id='word_1_8' title='bbox 1102 562 1175 630; x_wconf 78' lang='lat' dir='ltr'><strong>»In</strong></span> <span class='ocrx_word' id='word_1_9' title='bbox 1203 561 1267 630; x_wconf 93' lang='lat' dir='ltr'><strong>hoc</strong></span> 
     </span>
     <span class='ocr_line' id='line_1_3' title="bbox 164 674 1354 775; baseline 0.002 -24"><span class='ocrx_word' id='word_1_10' title='bbox 164 682 315 773; x_wconf 81' lang='lat' dir='ltr'><strong>epitheto</strong></span> <span class='ocrx_word' id='word_1_11' title='bbox 334 681 389 750; x_wconf 82' lang='lat' dir='ltr'><strong>sed</strong></span> <span class='ocrx_word' id='word_1_12' title='bbox 415 680 483 749; x_wconf 92' lang='lat' dir='ltr'><strong>sino</strong></span> <span class='ocrx_word' id='word_1_13' title='bbox 500 703 594 748; x_wconf 85' lang='lat' dir='ltr'><strong>causa</strong></span> <span class='ocrx_word' id='word_1_14' title='bbox 619 683 734 749; x_wconf 86' lang='lat' dir='ltr'><strong>idonea</strong></span> <span class='ocrx_word' id='word_1_15' title='bbox 762 683 896 751; x_wconf 82' lang='lat' dir='ltr'><strong>offendit</strong></span> <span class='ocrx_word' id='word_1_16' title='bbox 919 681 1145 764; x_wconf 71' lang='lat' dir='ltr'><strong>casaubonus,</strong></span> <span class='ocrx_word' id='word_1_17' title='bbox 1170 704 1268 775; x_wconf 84' lang='lat' dir='ltr'><strong>quam</strong></span> <span class='ocrx_word' id='word_1_18' title='bbox 1350 674 1354 680; x_wconf 41' lang='lat'>¹</span> 
     </span>
     <span class='ocr_line' id='line_1_4' title="bbox 164 802 1267 894; baseline 0.003 -25"><span class='ocrx_word' id='word_1_19' title='bbox 164 802 221 871; x_wconf 91' lang='lat' dir='ltr'><strong>hio</strong></span> <span class='ocrx_word' id='word_1_20' title='bbox 247 803 369 894; x_wconf 87' lang='lat' dir='ltr'><strong>aliquid</strong></span> <span class='ocrx_word' id='word_1_21' title='bbox 399 803 634 870; x_wconf 77' lang='lat' dir='ltr'><strong>coniecissem</strong></span> <span class='ocrx_word' id='word_1_22' title='bbox 663 803 798 871; x_wconf 83' lang='lat' dir='ltr'><strong>Schedia</strong></span> <span class='ocrx_word' id='word_1_23' title='bbox 826 804 1050 872; x_wconf 75' lang='lat' dir='ltr'><strong>Bibliothecae</strong></span> <span class='ocrx_word' id='word_1_24' title='bbox 1072 804 1267 873; x_wconf 85' lang='lat' dir='ltr'><strong>Bodleianae</strong></span> 
     </span>
     <span class='ocr_line' id='line_1_5' title="bbox 164 921 1268 1015; baseline -0.001 -23"><span class='ocrx_word' id='word_1_25' title='bbox 164 936 275 1015; x_wconf 87' lang='lat' dir='ltr'><strong>patet,</strong></span> <span class='ocrx_word' id='word_1_26' title='bbox 299 923 353 990; x_wconf 87' lang='lat' dir='ltr'><strong>sed</strong></span> <span class='ocrx_word' id='word_1_27' title='bbox 374 921 490 989; x_wconf 89' lang='lat' dir='ltr'><strong>ductus</strong></span> <span class='ocrx_word' id='word_1_28' title='bbox 513 922 642 990; x_wconf 82' lang='lat' dir='ltr'><strong>obscuri</strong></span> <span class='ocrx_word' id='word_1_29' title='bbox 664 925 777 992; x_wconf 83' lang='lat' dir='ltr'><strong>sunt-.”</strong></span> <span class='ocrx_word' id='word_1_30' title='bbox 803 924 964 1015; x_wconf 79' lang='lat' dir='ltr'><strong>Equidem</strong></span> <span class='ocrx_word' id='word_1_31' title='bbox 988 923 1165 993; x_wconf 87' lang='lat' dir='ltr'><strong>Leonidam</strong></span> <span class='ocrx_word' id='word_1_32' title='bbox 1186 925 1268 992; x_wconf 89' lang='lat' dir='ltr'><strong>sori·</strong></span> 
     </span>
     <span class='ocr_line' id='line_1_6' title="bbox 162 1043 1266 1137; baseline 0.001 -25"><span class='ocrx_word' id='word_1_33' title='bbox 162 1046 261 1137; x_wconf 89' lang='lat' dir='ltr'><strong>psisse</strong></span> <span class='ocrx_word' id='word_1_34' title='bbox 283 1056 364 1135; x_wconf 92' lang='lat' dir='ltr'><strong>puto</strong></span> <span class='ocrx_word' id='word_1_35' title='bbox 391 1043 529 1119; x_wconf 75' lang='grc' dir='ltr'><strong><em>δινντοὺς</em></strong></span> <span class='ocrx_word' id='word_1_36' title='bbox 551 1043 711 1126; x_wconf 77' lang='grc' dir='ltr'><strong><em>ἀστέρας,</em></strong></span> <span class='ocrx_word' id='word_1_37' title='bbox 746 1068 852 1136; x_wconf 87' lang='lat' dir='ltr'><strong>nequo</strong></span> <span class='ocrx_word' id='word_1_38' title='bbox 881 1070 992 1113; x_wconf 88' lang='lat' dir='ltr'><strong>sanum</strong></span> <span class='ocrx_word' id='word_1_39' title='bbox 1024 1045 1153 1114; x_wconf 81' lang='lat' dir='ltr'><strong>ridetur</strong></span> <span class='ocrx_word' id='word_1_40' title='bbox 1179 1046 1266 1129; x_wconf 81' lang='grc' dir='ltr'><strong><em>ἔναρ-</em></strong></span> 
     </span>
     <span class='ocr_line' id='line_1_7' title="bbox 161 1163 1265 1250; baseline 0.004 -18"><span class='ocrx_word' id='word_1_41' title='bbox 161 1168 221 1247; x_wconf 70' lang='grc' dir='ltr'><strong>γῖις</strong></span> <span class='ocrx_word' id='word_1_42' title='bbox 251 1165 373 1250; x_wconf 77' lang='grc' dir='ltr'><strong><em>οὐρανός</em></strong></span> <span class='ocrx_word' id='word_1_43' title='bbox 406 1190 451 1234; x_wconf 86' lang='lat' dir='ltr'><strong>rs.</strong></span> <span class='ocrx_word' id='word_1_44' title='bbox 470 1170 504 1235; x_wconf 85' lang='lat'><strong>3.</strong></span> <span class='ocrx_word' id='word_1_45' title='bbox 551 1163 634 1233; x_wconf 88' lang='lat' dir='ltr'><strong>Item</strong></span> <span class='ocrx_word' id='word_1_46' title='bbox 664 1168 696 1232; x_wconf 93' lang='lat' dir='ltr'><strong>in</strong></span> <span class='ocrx_word' id='word_1_47' title='bbox 728 1166 919 1234; x_wconf 81' lang='lat' dir='ltr'><strong>Callimachi</strong></span> <span class='ocrx_word' id='word_1_48' title='bbox 952 1167 1136 1237; x_wconf 79' lang='lat' dir='ltr'><strong>Causarum·</strong></span> <span class='ocrx_word' id='word_1_49' title='bbox 1163 1166 1265 1237; x_wconf 89' lang='lat' dir='ltr'><strong>libros</strong></span> 
     </span>
     <span class='ocr_line' id='line_1_8' title="bbox 164 1277 1092 1380; baseline 0 -25"><span class='ocrx_word' id='word_1_50' title='bbox 164 1288 250 1380; x_wconf 90' lang='lat' dir='ltr'><strong>apud</strong></span> <span class='ocrx_word' id='word_1_51' title='bbox 272 1285 448 1380; x_wconf 73' lang='lat' dir='ltr'><strong>cephalam</strong></span> <span class='ocrx_word' id='word_1_52' title='bbox 472 1277 774 1378; x_wconf 84' lang='lat' dir='ltr'><strong>inter&#39;sopnlcralia</strong></span> <span class='ocrx_word' id='word_1_53' title='bbox 795 1288 878 1369; x_wconf 77' lang='lat' dir='ltr'><strong>vn,</strong></span> <span class='ocrx_word' id='word_1_54' title='bbox 904 1293 960 1359; x_wconf 82' lang='lat' dir='ltr'><strong>tn.</strong></span> <span class='ocrx_word' id='word_1_55' title='bbox 1057 1344 1060 1349; x_wconf 96' lang='lat'>.</span> <span class='ocrx_word' id='word_1_56' title='bbox 1089 1316 1092 1324; x_wconf 95' lang='lat'>·</span> 
     </span>
     <span class='ocr_line' id='line_1_9' title="bbox 247 1407 1082 1496; baseline 0.001 -19"><span class='ocrx_word' id='word_1_57' title='bbox 247 1408 295 1477; x_wconf 56' lang='lat' dir='ltr'><strong>‘A</strong></span> <span class='ocrx_word' id='word_1_58' title='bbox 316 1408 408 1493; x_wconf 75' lang='grc' dir='ltr'><strong><em>μέγα</em></strong></span> <span class='ocrx_word' id='word_1_59' title='bbox 429 1407 609 1477; x_wconf 65' lang='lat' dir='ltr'><strong>nereidem</strong></span> <span class='ocrx_word' id='word_1_60' title='bbox 630 1413 730 1493; x_wconf 80' lang='grc' dir='ltr'><strong><em>σοφοῦ</em></strong></span> <span class='ocrx_word' id='word_1_61' title='bbox 753 1409 942 1493; x_wconf 71' lang='grc' dir='ltr'><strong><em>περίπυστον</em></strong></span> <span class='ocrx_word' id='word_1_62' title='bbox 963 1409 1082 1496; x_wconf 68' lang='grc' dir='ltr'><strong><em>ὄνειαρ,</em></strong></span> 
     </span>
     <span class='ocr_line' id='line_1_10' title="bbox 341 1528 1060 1617; baseline 0.003 -20"><span class='ocrx_word' id='word_1_63' title='bbox 341 1528 409 1615; x_wconf 58' lang='grc' dir='ltr'><strong>ἦρ’</strong></span> <span class='ocrx_word' id='word_1_64' title='bbox 431 1530 516 1597; x_wconf 74' lang='grc' dir='ltr'><strong><em>ἐτεὸν</em></strong></span> <span class='ocrx_word' id='word_1_65' title='bbox 538 1528 654 1616; x_wconf 86' lang='grc' dir='ltr'><strong><em>ιιεράαν</em></strong></span> <span class='ocrx_word' id='word_1_66' title='bbox 676 1528 737 1597; x_wconf 72' lang='grc' dir='ltr'><strong>οὐδ’</strong></span> <span class='ocrx_word' id='word_1_67' title='bbox 761 1529 934 1615; x_wconf 71' lang='grc' dir='ltr'><strong><em>ἐλέφαντος</em></strong></span> <span class='ocrx_word' id='word_1_68' title='bbox 957 1530 1060 1617; x_wconf 77' lang='grc' dir='ltr'><strong><em>ἔφυς·</em></strong></span> 
     </span>
     <span class='ocr_line' id='line_1_11' title="bbox 251 1648 1183 1737; baseline 0.002 -20"><span class='ocrx_word' id='word_1_69' title='bbox 251 1656 337 1718; x_wconf 81' lang='grc' dir='ltr'><strong><em>τοῖα</em></strong></span> <span class='ocrx_word' id='word_1_70' title='bbox 358 1650 423 1734; x_wconf 72' lang='grc' dir='ltr'><strong>γάρ</strong></span> <span class='ocrx_word' id='word_1_71' title='bbox 445 1648 550 1732; x_wconf 86' lang='grc' dir='ltr'><strong><em>ἀμμιν</em></strong></span> <span class='ocrx_word' id='word_1_72' title='bbox 571 1649 692 1736; x_wconf 69' lang='grc' dir='ltr'><strong><em>ἔφανας</em></strong></span> <span class='ocrx_word' id='word_1_73' title='bbox 711 1648 765 1734; x_wconf 77' lang='grc' dir='ltr'><strong>ἀπ’</strong></span> <span class='ocrx_word' id='word_1_74' title='bbox 788 1653 822 1719; x_wconf 82' lang='grc' dir='ltr'><strong>οὐ</strong></span> <span class='ocrx_word' id='word_1_75' title='bbox 845 1649 943 1735; x_wconf 86' lang='grc' dir='ltr'><strong><em>πάρος</em></strong></span> <span class='ocrx_word' id='word_1_76' title='bbox 965 1650 1071 1737; x_wconf 76' lang='grc' dir='ltr'><strong><em>ἀνέρες</em></strong></span> <span class='ocrx_word' id='word_1_77' title='bbox 1093 1650 1183 1735; x_wconf 75' lang='grc' dir='ltr'><strong><em>ίάμεν</em></strong></span> 
     </span>
     <span class='ocr_line' id='line_1_12' title="bbox 340 1769 1037 1856; baseline 0.003 -19"><span class='ocrx_word' id='word_1_78' title='bbox 340 1770 433 1856; x_wconf 83' lang='grc' dir='ltr'><strong><em>ἀμφί</em></strong></span> <span class='ocrx_word' id='word_1_79' title='bbox 451 1796 488 1838; x_wconf 88' lang='grc' dir='ltr'><strong><em>τε</em></strong></span> <span class='ocrx_word' id='word_1_80' title='bbox 509 1769 685 1847; x_wconf 85' lang='grc' dir='ltr'><strong><em>ἀίανάτονς</em></strong></span> <span class='ocrx_word' id='word_1_81' title='bbox 707 1769 799 1855; x_wconf 73' lang='grc' dir='ltr'><strong><em>ἀμφί</em></strong></span> <span class='ocrx_word' id='word_1_82' title='bbox 821 1795 856 1838; x_wconf 87' lang='grc' dir='ltr'><strong><em>τε</em></strong></span> <span class='ocrx_word' id='word_1_83' title='bbox 880 1770 1037 1852; x_wconf 74' lang='grc' dir='ltr'><em>ἡμιθέους·</em></span> 
     </span>
     <span class='ocr_line' id='line_1_13' title="bbox 250 1888 1017 1975; baseline 0.001 -17"><span class='ocrx_word' id='word_1_84' title='bbox 250 1888 321 1959; x_wconf 78' lang='grc' dir='ltr'><strong><em>εὖτέ</em></strong></span> <span class='ocrx_word' id='word_1_85' title='bbox 343 1916 397 1974; x_wconf 90' lang='grc' dir='ltr'><strong>μιν</strong></span> <span class='ocrx_word' id='word_1_86' title='bbox 420 1892 457 1959; x_wconf 73' lang='grc' dir='ltr'><strong>ἐν</strong></span> <span class='ocrx_word' id='word_1_87' title='bbox 479 1891 604 1975; x_wconf 74' lang='grc' dir='ltr'><strong><em>Λιβίας</em></strong></span> <span class='ocrx_word' id='word_1_88' title='bbox 627 1893 774 1975; x_wconf 86' lang='grc' dir='ltr'><strong><em>ἀναείρας</em></strong></span> <span class='ocrx_word' id='word_1_89' title='bbox 795 1892 839 1971; x_wconf 81' lang='grc' dir='ltr'><strong><em>είς</em></strong></span> <span class='ocrx_word' id='word_1_90' title='bbox 863 1895 1017 1959; x_wconf 74' lang='grc' dir='ltr'><strong><em>Ἑλικῶνα</em></strong></span> 
     </span>
     <span class='ocr_line' id='line_1_14' title="bbox 342 2010 1019 2096; baseline 0.001 -17"><span class='ocrx_word' id='word_1_91' title='bbox 342 2012 466 2094; x_wconf 71' lang='grc' dir='ltr'><strong><em>ἤγαγες</em></strong></span> <span class='ocrx_word' id='word_1_92' title='bbox 490 2012 523 2079; x_wconf 81' lang='grc' dir='ltr'><strong>ἓν</strong></span> <span class='ocrx_word' id='word_1_93' title='bbox 544 2011 680 2094; x_wconf 74' lang='grc' dir='ltr'><strong><em>μέσσαις</em></strong></span> <span class='ocrx_word' id='word_1_94' title='bbox 704 2010 875 2096; x_wconf 76' lang='grc' dir='ltr'><strong><em>Πιερίδεσσι</em></strong></span> <span class='ocrx_word' id='word_1_95' title='bbox 896 2012 1019 2096; x_wconf 79' lang='grc' dir='ltr'><strong><em>Φὲραν·</em></strong></span> 
     </span>
     <span class='ocr_line' id='line_1_15' title="bbox 250 2130 953 2217; baseline 0 -22"><span class='ocrx_word' id='word_1_96' title='bbox 250 2134 284 2199; x_wconf 81' lang='grc' dir='ltr'><strong>αἱ</strong></span> <span class='ocrx_word' id='word_1_97' title='bbox 307 2130 340 2198; x_wconf 78' lang='grc' dir='ltr'><strong>δέ</strong></span> <span class='ocrx_word' id='word_1_98' title='bbox 361 2135 390 2199; x_wconf 83' lang='grc' dir='ltr'><strong>οἱ</strong></span> <span class='ocrx_word' id='word_1_99' title='bbox 410 2132 552 2217; x_wconf 72' lang='grc' dir='ltr'><strong><em>εἰρομένῳ</em></strong></span> <span class='ocrx_word' id='word_1_100' title='bbox 574 2134 663 2215; x_wconf 83' lang='grc' dir='ltr'><strong>ἀμφ’</strong></span> <span class='ocrx_word' id='word_1_101' title='bbox 686 2131 830 2211; x_wconf 72' lang='grc' dir='ltr'><strong><em>ἀνομίαν</em></strong></span> <span class='ocrx_word' id='word_1_102' title='bbox 854 2131 953 2213; x_wconf 73' lang='grc' dir='ltr'><strong><em>ἡρώιον</em></strong></span> 
     </span>
     <span class='ocr_line' id='line_1_16' title="bbox 172 2223 1053 2337; baseline 0.002 -19"><span class='ocrx_word' id='word_1_103' title='bbox 172 2223 179 2238; x_wconf 37' lang='lat'>⁸</span> <span class='ocrx_word' id='word_1_104' title='bbox 342 2252 440 2320; x_wconf 85' lang='grc' dir='ltr'><strong><em>Αίτια</em></strong></span> <span class='ocrx_word' id='word_1_105' title='bbox 461 2253 515 2320; x_wconf 79' lang='grc' dir='ltr'><strong>καί</strong></span> <span class='ocrx_word' id='word_1_106' title='bbox 538 2251 688 2337; x_wconf 84' lang='grc' dir='ltr'><strong><em>μακάραν</em></strong></span> <span class='ocrx_word' id='word_1_107' title='bbox 713 2247 809 2336; x_wconf 83' lang='grc' dir='ltr'><strong><em>είρον</em></strong></span> <span class='ocrx_word' id='word_1_108' title='bbox 830 2250 1053 2333; x_wconf 81' lang='grc' dir='ltr'><strong><em>ἀμειβόμεναι.</em></strong></span> 
     </span>
     <span class='ocr_line' id='line_1_17' title="bbox 162 2369 1264 2464; baseline -0.003 -20"><span class='ocrx_word' id='word_1_109' title='bbox 162 2372 229 2444; x_wconf 91' lang='lat' dir='ltr'><strong>Ubi</strong></span> <span class='ocrx_word' id='word_1_110' title='bbox 253 2396 299 2443; x_wconf 84' lang='lat' dir='ltr'><strong>rs.</strong></span> <span class='ocrx_word' id='word_1_111' title='bbox 315 2377 350 2443; x_wconf 80' lang='grc'><strong>3.</strong></span> <span class='ocrx_word' id='word_1_112' title='bbox 376 2372 603 2464; x_wconf 88' lang='lat' dir='ltr'><strong>corrigendum</strong></span> <span class='ocrx_word' id='word_1_113' title='bbox 622 2371 723 2439; x_wconf 83' lang='grc' dir='ltr'><strong><em>τίσσα</em></strong></span> <span class='ocrx_word' id='word_1_114' title='bbox 743 2387 777 2441; x_wconf 89' lang='lat' dir='ltr'><strong>et</strong></span> <span class='ocrx_word' id='word_1_115' title='bbox 794 2395 840 2441; x_wconf 86' lang='lat' dir='ltr'><strong>as.</strong></span> <span class='ocrx_word' id='word_1_116' title='bbox 864 2375 898 2441; x_wconf 85' lang='grc'><strong>8.</strong></span> <span class='ocrx_word' id='word_1_117' title='bbox 923 2369 1008 2438; x_wconf 81' lang='grc' dir='ltr'><strong><em>εἷσον</em></strong></span> <span class='ocrx_word' id='word_1_118' title='bbox 1031 2385 1164 2463; x_wconf 79' lang='lat' dir='ltr'><strong>proptor</strong></span> <span class='ocrx_word' id='word_1_119' title='bbox 1186 2397 1264 2464; x_wconf 89' lang='lat' dir='ltr'><strong>pro·</strong></span> 
     </span>
     <span class='ocr_line' id='line_1_18' title="bbox 161 2488 1299 2583; baseline 0.001 -23"><span class='ocrx_word' id='word_1_120' title='bbox 161 2493 245 2561; x_wconf 87' lang='lat' dir='ltr'><strong>xime</strong></span> <span class='ocrx_word' id='word_1_121' title='bbox 268 2514 507 2583; x_wconf 80' lang='lat' dir='ltr'><strong>praegressum:</strong></span> <span class='ocrx_word' id='word_1_122' title='bbox 542 2493 693 2576; x_wconf 83' lang='grc' dir='ltr'><strong><em>είρομένιρ.</em></strong></span> <span class='ocrx_word' id='word_1_123' title='bbox 741 2492 813 2559; x_wconf 83' lang='lat' dir='ltr'><strong>hlia</strong></span> <span class='ocrx_word' id='word_1_124' title='bbox 842 2490 913 2559; x_wconf 84' lang='lat' dir='ltr'><strong>ride</strong></span> <span class='ocrx_word' id='word_1_125' title='bbox 936 2492 1022 2582; x_wconf 86' lang='lat' dir='ltr'><strong>opud</strong></span> <span class='ocrx_word' id='word_1_126' title='bbox 1049 2494 1262 2561; x_wconf 82' lang='lat' dir='ltr'><strong>Welcberum</strong></span> <span class='ocrx_word' id='word_1_127' title='bbox 1295 2488 1299 2495; x_wconf 75' lang='grc'><strong>’</strong></span> 
     </span>
     <span class='ocr_line' id='line_1_19' title="bbox 160 2611 1261 2707; baseline 0 -24"><span class='ocrx_word' id='word_1_128' title='bbox 160 2615 243 2705; x_wconf 75' lang='lat' dir='ltr'><strong>Syll.</strong></span> <span class='ocrx_word' id='word_1_129' title='bbox 270 2614 383 2707; x_wconf 77' lang='lat' dir='ltr'><strong>Epigr.</strong></span> <span class='ocrx_word' id='word_1_130' title='bbox 408 2634 441 2682; x_wconf 89' lang='lat' dir='ltr'><strong>u.</strong></span> <span class='ocrx_word' id='word_1_131' title='bbox 468 2615 548 2682; x_wconf 79' lang='lat'><strong>239.</strong></span> <span class='ocrx_word' id='word_1_132' title='bbox 593 2612 674 2681; x_wconf 86' lang='lat' dir='ltr'><strong>Inde</strong></span> <span class='ocrx_word' id='word_1_133' title='bbox 699 2611 870 2681; x_wconf 83' lang='lat' dir='ltr'><strong>Theocrito</strong></span> <span class='ocrx_word' id='word_1_134' title='bbox 892 2635 957 2681; x_wconf 87' lang='lat' dir='ltr'><strong>non</strong></span> <span class='ocrx_word' id='word_1_135' title='bbox 987 2626 1073 2683; x_wconf 87' lang='lat' dir='ltr'><strong>recte</strong></span> <span class='ocrx_word' id='word_1_136' title='bbox 1102 2614 1261 2683; x_wconf 88' lang='lat' dir='ltr'><strong>tributum</strong></span> 
     </span>
     <span class='ocr_line' id='line_1_20' title="bbox 158 2734 1261 2828; baseline -0.001 -24"><span class='ocrx_word' id='word_1_137' title='bbox 158 2736 355 2828; x_wconf 89' lang='lat' dir='ltr'><strong>epigramma</strong></span> <span class='ocrx_word' id='word_1_138' title='bbox 377 2734 465 2826; x_wconf 87' lang='lat' dir='ltr'><strong>quod</strong></span> <span class='ocrx_word' id='word_1_139' title='bbox 493 2736 525 2801; x_wconf 93' lang='lat' dir='ltr'><strong>in</strong></span> <span class='ocrx_word' id='word_1_140' title='bbox 548 2734 681 2815; x_wconf 87' lang='lat' dir='ltr'><strong>codice,</strong></span> <span class='ocrx_word' id='word_1_141' title='bbox 707 2758 773 2825; x_wconf 87' lang='lat' dir='ltr'><strong>quo</strong></span> <span class='ocrx_word' id='word_1_142' title='bbox 799 2734 866 2801; x_wconf 89' lang='lat' dir='ltr'><strong>eins</strong></span> <span class='ocrx_word' id='word_1_143' title='bbox 885 2735 1026 2801; x_wconf 89' lang='lat' dir='ltr'><strong>carmina</strong></span> <span class='ocrx_word' id='word_1_144' title='bbox 1056 2735 1261 2822; x_wconf 87' lang='lat' dir='ltr'><strong>diligentiore</strong></span> 
     </span>
     <span class='ocr_line' id='line_1_21' title="bbox 159 2856 1259 2947; baseline 0.002 -23"><span class='ocrx_word' id='word_1_145' title='bbox 159 2881 235 2925; x_wconf 86' lang='lat' dir='ltr'><strong>cura</strong></span> <span class='ocrx_word' id='word_1_146' title='bbox 256 2857 403 2925; x_wconf 89' lang='lat' dir='ltr'><strong>adhibita</strong></span> <span class='ocrx_word' id='word_1_147' title='bbox 434 2857 619 2947; x_wconf 86' lang='lat' dir='ltr'><strong>complexus</strong></span> <span class='ocrx_word' id='word_1_148' title='bbox 650 2870 719 2924; x_wconf 88' lang='lat' dir='ltr'><strong>eret</strong></span> <span class='ocrx_word' id='word_1_149' title='bbox 742 2856 861 2947; x_wconf 87' lang='lat' dir='ltr'><strong>spuriis</strong></span> <span class='ocrx_word' id='word_1_150' title='bbox 881 2857 1010 2924; x_wconf 88' lang='lat' dir='ltr'><strong>reiectis</strong></span> <span class='ocrx_word' id='word_1_151' title='bbox 1031 2860 1259 2947; x_wconf 84' lang='lat' dir='ltr'><strong>grammaticus</strong></span> 
     </span>
     <span class='ocr_line' id='line_1_22' title="bbox 159 2976 1009 3069; baseline 0.001 -25"><span class='ocrx_word' id='word_1_152' title='bbox 159 2979 297 3069; x_wconf 82' lang='lat' dir='ltr'><strong>aliquis,</strong></span> <span class='ocrx_word' id='word_1_153' title='bbox 323 2977 498 3069; x_wconf 82' lang='lat' dir='ltr'><strong>praefixum</strong></span> <span class='ocrx_word' id='word_1_154' title='bbox 521 2977 688 3068; x_wconf 70' lang='lat' dir='ltr'><strong>legebatur</strong></span> <span class='ocrx_word' id='word_1_155' title='bbox 713 2978 752 3046; x_wconf 78' lang='grc' dir='ltr'><strong>Δ.</strong></span> <span class='ocrx_word' id='word_1_156' title='bbox 777 2976 815 3045; x_wconf 87' lang='lat' dir='ltr'><strong>P.</strong></span> <span class='ocrx_word' id='word_1_157' title='bbox 833 2976 904 3055; x_wconf 84' lang='lat' dir='ltr'><strong>IX,</strong></span> <span class='ocrx_word' id='word_1_158' title='bbox 931 2981 1009 3045; x_wconf 78' lang='lat'><strong>434.</strong></span> 
     </span>
     <span class='ocr_line' id='line_1_23' title="bbox 242 3095 1164 3182; baseline -0.003 -14"><span class='ocrx_word' id='word_1_159' title='bbox 242 3102 364 3174; x_wconf 79' lang='grc' dir='ltr'><strong><em>’Άλλος</em></strong></span> <span class='ocrx_word' id='word_1_160' title='bbox 386 3099 402 3165; x_wconf 82' lang='grc' dir='ltr'><em>ὃ</em></span> <span class='ocrx_word' id='word_1_161' title='bbox 426 3105 518 3174; x_wconf 76' lang='grc' dir='ltr'><strong><em>Χίος·</em></strong></span> <span class='ocrx_word' id='word_1_162' title='bbox 540 3098 602 3179; x_wconf 73' lang='grc' dir='ltr'><strong>ἐγὼ</strong></span> <span class='ocrx_word' id='word_1_163' title='bbox 621 3099 654 3165; x_wconf 75' lang='grc' dir='ltr'><strong>δὲ</strong></span> <span class='ocrx_word' id='word_1_164' title='bbox 677 3097 859 3182; x_wconf 75' lang='grc' dir='ltr'><strong><em>Θεόκριτος,</em></strong></span> <span class='ocrx_word' id='word_1_165' title='bbox 882 3095 916 3170; x_wconf 79' lang='grc' dir='ltr'><strong>ὃς</strong></span> <span class='ocrx_word' id='word_1_166' title='bbox 940 3096 1010 3164; x_wconf 64' lang='lat' dir='ltr'><strong>cato?</strong></span> <span class='ocrx_word' id='word_1_167' title='bbox 1033 3096 1164 3182; x_wconf 77' lang='grc' dir='ltr'><strong><em>ἔγραψα</em></strong></span> 
     </span>
     <span class='ocr_line' id='line_1_24' title="bbox 337 3215 1014 3298; baseline -0.004 -13"><span class='ocrx_word' id='word_1_168' title='bbox 337 3215 381 3294; x_wconf 83' lang='grc' dir='ltr'><strong><em>είς</em></strong></span> <span class='ocrx_word' id='word_1_169' title='bbox 402 3220 468 3285; x_wconf 84' lang='grc' dir='ltr'><strong>ἀπὸ</strong></span> <span class='ocrx_word' id='word_1_170' title='bbox 490 3223 550 3285; x_wconf 79' lang='grc' dir='ltr'><strong>τῶν</strong></span> <span class='ocrx_word' id='word_1_171' title='bbox 569 3225 693 3285; x_wconf 79' lang='grc' dir='ltr'><strong><em>πολλῶν</em></strong></span> <span class='ocrx_word' id='word_1_172' title='bbox 716 3218 782 3298; x_wconf 69' lang='lat' dir='ltr'><strong>etp}</strong></span> <span class='ocrx_word' id='word_1_173' title='bbox 805 3216 1014 3298; x_wconf 80' lang='grc' dir='ltr'><strong><em>Σορνκοσίοιν,</em></strong></span> 
     </span>
     <span class='ocr_line' id='line_1_25' title="bbox 249 3337 1000 3424; baseline -0.003 -19"><span class='ocrx_word' id='word_1_174' title='bbox 249 3339 310 3405; x_wconf 76' lang='grc' dir='ltr'><strong><em>υἱὸν</em></strong></span> <span class='ocrx_word' id='word_1_175' title='bbox 331 3337 539 3424; x_wconf 75' lang='grc' dir='ltr'><strong><em>Πραξαμίραο</em></strong></span> <span class='ocrx_word' id='word_1_176' title='bbox 561 3348 758 3421; x_wconf 75' lang='grc' dir='ltr'><strong><em>περικλειπῆς</em></strong></span> <span class='ocrx_word' id='word_1_177' title='bbox 782 3362 823 3403; x_wconf 88' lang='grc' dir='ltr'><strong><em>τε·</em></strong></span> <span class='ocrx_word' id='word_1_178' title='bbox 839 3337 1000 3413; x_wconf 74' lang='grc' dir='ltr'><strong><em>Φιλίννης·</em></strong></span> 
     </span>
     <span class='ocr_line' id='line_1_26' title="bbox 337 3457 1190 3544; baseline -0.007 -17"><span class='ocrx_word' id='word_1_179' title='bbox 337 3466 469 3527; x_wconf 76' lang='grc' dir='ltr'><strong><em>Μοῦσαν</em></strong></span> <span class='ocrx_word' id='word_1_180' title='bbox 492 3461 519 3527; x_wconf 79' lang='grc' dir='ltr'><strong>δ’</strong></span> <span class='ocrx_word' id='word_1_181' title='bbox 539 3460 655 3527; x_wconf 69' lang='lat' dir='ltr'><strong>teretes</strong></span> <span class='ocrx_word' id='word_1_182' title='bbox 678 3457 771 3526; x_wconf 73' lang='grc' dir='ltr'><strong><em>οὔτιν’</em></strong></span> <span class='ocrx_word' id='word_1_183' title='bbox 794 3457 1035 3544; x_wconf 80' lang='grc' dir='ltr'><strong><em>ίφολκνσάμαι.</em></strong></span> <span class='ocrx_word' id='word_1_184' title='bbox 1154 3512 1157 3517; x_wconf 95' lang='grc'><strong>.</strong></span> <span class='ocrx_word' id='word_1_185' title='bbox 1186 3514 1190 3521; x_wconf 91' lang='grc'><strong>.</strong></span> 
     </span>
     <span class='ocr_line' id='line_1_27' title="bbox 157 3580 1254 3671; baseline 0.004 -24"><span class='ocrx_word' id='word_1_186' title='bbox 157 3581 219 3668; x_wconf 75' lang='lat' dir='ltr'><strong>Qui</strong></span> <span class='ocrx_word' id='word_1_187' title='bbox 238 3602 343 3645; x_wconf 81' lang='lat' dir='ltr'><strong>sersus</strong></span> <span class='ocrx_word' id='word_1_188' title='bbox 362 3581 496 3647; x_wconf 82' lang='lat' dir='ltr'><strong>fortasse</strong></span> <span class='ocrx_word' id='word_1_189' title='bbox 515 3580 616 3671; x_wconf 88' lang='lat' dir='ltr'><strong>ipsius</strong></span> <span class='ocrx_word' id='word_1_190' title='bbox 639 3591 753 3671; x_wconf 88' lang='lat' dir='ltr'><strong>poetes</strong></span> <span class='ocrx_word' id='word_1_191' title='bbox 785 3581 918 3669; x_wconf 79' lang='lat' dir='ltr'><strong>imagini</strong></span> <span class='ocrx_word' id='word_1_192' title='bbox 946 3582 979 3646; x_wconf 88' lang='lat' dir='ltr'><strong>iu</strong></span> <span class='ocrx_word' id='word_1_193' title='bbox 1002 3581 1109 3661; x_wconf 74' lang='lat' dir='ltr'><strong>fronte</strong></span> <span class='ocrx_word' id='word_1_194' title='bbox 1132 3582 1254 3651; x_wconf 87' lang='lat' dir='ltr'><strong>codicis</strong></span> 
     </span>
     <span class='ocr_line' id='line_1_28' title="bbox 155 3701 1255 3794; baseline 0.002 -24"><span class='ocrx_word' id='word_1_195' title='bbox 155 3703 367 3794; x_wconf 86' lang='lat' dir='ltr'><strong>manuscripti</strong></span> <span class='ocrx_word' id='word_1_196' title='bbox 398 3701 573 3793; x_wconf 85' lang='lat' dir='ltr'><strong>subscripti</strong></span> <span class='ocrx_word' id='word_1_197' title='bbox 601 3702 745 3769; x_wconf 89' lang='lat' dir='ltr'><strong>fuerunt.</strong></span> <span class='ocrx_word' id='word_1_198' title='bbox 794 3702 936 3770; x_wconf 70' lang='lat' dir='ltr'><strong>hiterius</strong></span> <span class='ocrx_word' id='word_1_199' title='bbox 967 3704 1163 3790; x_wconf 84' lang='lat' dir='ltr'><strong>pentametri</strong></span> <span class='ocrx_word' id='word_1_200' title='bbox 1186 3728 1255 3772; x_wconf 89' lang='lat' dir='ltr'><strong>sen-</strong></span> 
     </span>
     <span class='ocr_line' id='line_1_29' title="bbox 156 3823 1254 3915; baseline 0.003 -25"><span class='ocrx_word' id='word_1_201' title='bbox 156 3845 228 3893; x_wconf 78' lang='lat' dir='ltr'><strong>sus:</strong></span> <span class='ocrx_word' id='word_1_202' title='bbox 254 3823 344 3889; x_wconf 81' lang='lat' dir='ltr'><strong>nulia</strong></span> <span class='ocrx_word' id='word_1_203' title='bbox 372 3823 434 3890; x_wconf 87' lang='lat' dir='ltr'><strong>nisi</strong></span> <span class='ocrx_word' id='word_1_204' title='bbox 461 3824 597 3913; x_wconf 85' lang='lat' dir='ltr'><strong>genuino</strong></span> <span class='ocrx_word' id='word_1_205' title='bbox 617 3836 733 3913; x_wconf 87' lang='lat' dir='ltr'><strong>poetae</strong></span> <span class='ocrx_word' id='word_1_206' title='bbox 757 3824 899 3889; x_wconf 87' lang='lat' dir='ltr'><strong>carmina</strong></span> <span class='ocrx_word' id='word_1_207' title='bbox 932 3823 1155 3913; x_wconf 88' lang='lat' dir='ltr'><strong>complector,</strong></span> <span class='ocrx_word' id='word_1_208' title='bbox 1188 3849 1254 3915; x_wconf 87' lang='lat' dir='ltr'><strong>quo</strong></span> 
     </span>
    </p>
   </div>
   <div class='ocr_carea' id='block_1_3' title="bbox 154 3942 1261 4285">
    <p class='ocr_par' dir='ltr' id='par_1_3' title="bbox 154 3942 1261 4285">
     <span class='ocr_line' id='line_1_30' title="bbox 154 3942 1255 4037; baseline -0.001 -24"><span class='ocrx_word' id='word_1_209' title='bbox 154 3945 372 4037; x_wconf 81' lang='lat' dir='ltr'><strong>grammatici,</strong></span> <span class='ocrx_word' id='word_1_210' title='bbox 398 3945 455 4034; x_wconf 88' lang='lat' dir='ltr'><strong>qui</strong></span> <span class='ocrx_word' id='word_1_211' title='bbox 476 3967 511 4011; x_wconf 91' lang='lat' dir='ltr'><strong>ea</strong></span> <span class='ocrx_word' id='word_1_212' title='bbox 524 3946 685 4011; x_wconf 85' lang='lat' dir='ltr'><strong>recensuit</strong></span> <span class='ocrx_word' id='word_1_213' title='bbox 704 3957 737 4011; x_wconf 89' lang='lat' dir='ltr'><strong>et</strong></span> <span class='ocrx_word' id='word_1_214' title='bbox 758 3942 881 4023; x_wconf 88' lang='lat' dir='ltr'><strong>edidit,</strong></span> <span class='ocrx_word' id='word_1_215' title='bbox 908 3943 1057 4011; x_wconf 87' lang='lat' dir='ltr'><strong>laudatur</strong></span> <span class='ocrx_word' id='word_1_216' title='bbox 1074 3943 1255 4035; x_wconf 85' lang='lat' dir='ltr'><strong>diligentia.</strong></span> 
     </span>
     <span class='ocr_line' id='line_1_31' title="bbox 154 4064 1254 4155; baseline -0.007 -15"><span class='ocrx_word' id='word_1_217' title='bbox 154 4070 200 4140; x_wconf 91' lang='lat' dir='ltr'><strong>Ut</strong></span> <span class='ocrx_word' id='word_1_218' title='bbox 222 4066 445 4134; x_wconf 77' lang='lat' dir='ltr'><strong>Artemidorus</strong></span> <span class='ocrx_word' id='word_1_219' title='bbox 475 4067 701 4153; x_wconf 85' lang='lat' dir='ltr'><strong>grammaticus</strong></span> <span class='ocrx_word' id='word_1_220' title='bbox 721 4064 884 4155; x_wconf 81' lang='lat' dir='ltr'><strong>praufetus</strong></span> <span class='ocrx_word' id='word_1_221' title='bbox 908 4078 956 4133; x_wconf 88' lang='lat' dir='ltr'><strong>est</strong></span> <span class='ocrx_word' id='word_1_222' title='bbox 986 4064 1122 4130; x_wconf 88' lang='lat' dir='ltr'><strong>editioni</strong></span> <span class='ocrx_word' id='word_1_223' title='bbox 1142 4065 1254 4132; x_wconf 92' lang='lat' dir='ltr'><strong>Buco-</strong></span> 
     </span>
     <span class='ocr_line' id='line_1_32' title="bbox 155 4185 1261 4285; baseline 0.004 -34"><span class='ocrx_word' id='word_1_224' title='bbox 155 4187 291 4254; x_wconf 87' lang='lat' dir='ltr'><strong>licorum</strong></span> <span class='ocrx_word' id='word_1_225' title='bbox 319 4208 394 4253; x_wconf 86' lang='lat' dir='ltr'><strong>suec</strong></span> <span class='ocrx_word' id='word_1_226' title='bbox 419 4185 560 4253; x_wconf 87' lang='lat' dir='ltr'><strong>disticho</strong></span> <span class='ocrx_word' id='word_1_227' title='bbox 592 4188 630 4253; x_wconf 84' lang='lat' dir='ltr'><strong>t.</strong></span> <span class='ocrx_word' id='word_1_228' title='bbox 654 4188 692 4256; x_wconf 87' lang='lat' dir='ltr'><strong>P.</strong></span> <span class='ocrx_word' id='word_1_229' title='bbox 713 4187 781 4265; x_wconf 89' lang='lat' dir='ltr'><strong>IX,</strong></span> <span class='ocrx_word' id='word_1_230' title='bbox 807 4189 897 4265; x_wconf 81' lang='lat'>205,</span> <span class='ocrx_word' id='word_1_231' title='bbox 922 4198 956 4252; x_wconf 88' lang='lat' dir='ltr'><strong>et</strong></span> <span class='ocrx_word' id='word_1_232' title='bbox 988 4185 1160 4274; x_wconf 75' lang='lat' dir='ltr'><strong>Antipater</strong></span> <span class='ocrx_word' id='word_1_233' title='bbox 1180 4210 1261 4285; x_wconf 39' lang='lat' dir='ltr'><strong>car-⁶</strong></span> 
     </span>
    </p>
   </div>
   <div class='ocr_carea' id='block_1_4' title="bbox 154 4303 1250 4489">
    <p class='ocr_par' dir='ltr' id='par_1_4' title="bbox 154 4303 1250 4489">
     <span class='ocr_line' id='line_1_33' title="bbox 154 4303 1250 4399; baseline 0.001 -23"><span class='ocrx_word' id='word_1_234' title='bbox 154 4309 234 4376; x_wconf 89' lang='lat' dir='ltr'><strong>mini</strong></span> <span class='ocrx_word' id='word_1_235' title='bbox 255 4306 457 4399; x_wconf 82' lang='lat' dir='ltr'><strong>genethliaco</strong></span> <span class='ocrx_word' id='word_1_236' title='bbox 484 4307 593 4376; x_wconf 89' lang='lat' dir='ltr'><strong>Pisoni</strong></span> <span class='ocrx_word' id='word_1_237' title='bbox 624 4309 745 4398; x_wconf 91' lang='lat' dir='ltr'><strong>scripto</strong></span> <span class='ocrx_word' id='word_1_238' title='bbox 775 4308 1006 4397; x_wconf 73' lang='lat' dir='ltr'><strong>epigrammate</strong></span> <span class='ocrx_word' id='word_1_239' title='bbox 1029 4303 1100 4385; x_wconf 85' lang='lat' dir='ltr'><strong>IX,</strong></span> <span class='ocrx_word' id='word_1_240' title='bbox 1126 4310 1181 4375; x_wconf 87' lang='grc'><strong>93.</strong></span> <span class='ocrx_word' id='word_1_241' title='bbox 1207 4310 1250 4378; x_wconf 86' lang='lat' dir='ltr'><strong>ci.</strong></span> 
     </span>
     <span class='ocr_line' id='line_1_34' title="bbox 1005 4425 1046 4489; baseline 0.049 -2"><span class='ocrx_word' id='word_1_242' title='bbox 1005 4425 1046 4489; x_wconf 86' lang='grc'><strong>13</strong></span> 
     </span>
    </p>
   </div>
   <div class='ocr_carea' id='block_1_5' title="bbox 0 0 1426 5100">
    <p class='ocr_par' dir='ltr' id='par_1_5' title="bbox 0 0 1426 5100">
     <span class='ocr_line' id='line_1_35' title="bbox 0 0 1426 5100; baseline 0 5"><span class='ocrx_word' id='word_1_243' title='bbox 0 0 1426 5100; x_wconf 95' lang='lat' dir='ltr'><strong> </strong></span> 
     </span>
    </p>
   </div>
  </div>
 </body>
</html>
