2932 5108
686 308 864 369 „13-

227 486 335 571 μέυωυ.
385 490 527 581 Singulis
548 494 671 573 corcis,
697 490 816 582 quibus
833 492 953 560 bestiae
972 491 1112 558 inclusae
1131 505 1239 574 erant,
1260 494 1318 563 ad·

227 609 314 679 ditae
335 611 467 680 luerunt
494 610 579 681 beud
605 611 702 681 dubie
723 612 972 703 inscriptiones,
997 634 1133 703 quarum
1161 615 1316 684 maiorem

227 744 352 823 partem
392 734 534 802 versibus
566 734 728 825 scripsisse
759 745 791 799 ot
822 746 931 824 postea
962 734 994 800 in
1027 755 1126 800 unum
1168 736 1318 803 volumen

227 853 415 920 coniunctas
436 851 573 921 edidisse
595 852 720 920 ridetur
743 851 942 933 Archelaus,
969 874 1033 945 quo
1057 855 1106 920 usi
1127 869 1200 921 suut
1216 854 1318 923 histo·

226 974 294 1041 riae
314 973 468 1040 naturalis
484 985 689 1045 scrutatores.
737 973 824 1041 llaec
843 973 883 1042 de
901 976 1044 1043 uorsibus
1064 971 1238 1053 Archelai,
1262 977 1320 1065 qui

228 1094 261 1161 in
285 1091 489 1183 Philadelphi
519 1094 630 1162 aulicis
653 1093 751 1160 fuisse
778 1092 929 1172 uidetur3
953 1093 1145 1164 Nicomachi
1167 1112 1243 1161 uero
1263 1093 1319 1160 di·

227 1212 330 1281 sticho
358 1216 414 1305 qui
443 1215 540 1282 luerit
563 1211 652 1279 locus
676 1213 710 1278 in
732 1214 874 1280 carmine
896 1212 1037 1304 elegiaco
1069 1215 1109 1283 de
1138 1214 1319 1283 Pictonibus

227 1334 418 1406 consideo.
464 1333 535 1403 Nisi
558 1335 642 1401 forte
669 1331 875 1400 statuendum
905 1347 1034 1423 poetam
1058 1359 1097 1404 eo
1117 1333 1320 1425 complexum

228 1476 294 1522 esse
321 1455 435 1522 seriem
466 1455 732 1545 epigrammatum
767 1454 801 1519 in
825 1475 934 1521 omnes
966 1457 1106 1546 pictores
1139 1481 1175 1525 er
1207 1453 1321 1523 ordino

133 1610 136 1617 -
228 1590 434 1667 temporum,
468 1596 552 1664 quae
579 1574 693 1641 statuis
726 1574 992 1646 inscriberentur.
1046 1577 1091 1646 Ut
1123 1575 1321 1666 Pomponius

228 1696 356 1764 Atticus
382 1696 415 1762 in
440 1693 547 1773 libro,
572 1692 700 1784 dequo
729 1690 769 1764 0.
791 1692 900 1785 Nepos
920 1696 953 1761 in
978 1696 1052 1764 Vita
1077 1698 1182 1766 Attici
1211 1716 1242 1765 c.
1266 1696 1319 1763 te,
1415 1784 1420 1796 Ι

230 1822 263 1889 5.
295 1816 435 1905 »attigit
465 1837 595 1905 quoque
626 1814 808 1904 poeticam,
843 1814 1004 1884 credimus
1035 1839 1076 1884 nc
1106 1816 1176 1884 eius
1210 1836 1322 1906 erpere

228 1946 309 2005 esset
331 1935 515 2004 suauitatis:
552 1957 692 2025 caroque
722 1933 865 2002 uersibus
878 1985 887 2016 ,
912 1938 969 2027 qui
993 1935 1118 2006 bonore
1148 1957 1321 2026 rerumque

228 2070 389 2147 gestarum
413 2054 627 2147 amplitudine
645 2067 767 2122 ceteros
789 2056 903 2147 populi
924 2055 1060 2124 Romani
1078 2056 1320 2148 praestiterint,

229 2178 375 2269 esposuit
394 2178 462 2256 ita,
484 2189 520 2244 ut
535 2175 594 2242 sub
615 2175 813 2266 singulorum
839 2177 1033 2267 imaginibus
1051 2177 1135 2243 iacta
1155 2177 1321 2268 magistra·

230 2313 347 2390 tueque
363 2319 474 2367 corum
497 2318 562 2365 non
582 2295 721 2386 amplius
743 2299 906 2389 quaternis
927 2298 1075 2389 quinisve
1102 2296 1245 2404 pessibus
1266 2296 1324 2364 do·

229 2419 409 2511 scripserit:
437 2415 524 2511 quod
545 2418 595 2484 sia
616 2416 812 2486 credendum
835 2418 876 2486 eit
900 2430 1073 2485 tentasses
1095 2429 1160 2485 tam
1182 2418 1322 2485 breuiter
1429 2419 1431 2422 ’

228 2542 370 2631 potuisse
390 2538 583 2606 declarari.''
630 2535 720 2604 ldem
747 2561 814 2605 esso
844 2540 952 2628 potuit
975 2536 1164 2607 Nicomachi
1194 2539 1323 2605 institu-

229 2673 298 2725 tum
320 2659 350 2725 in
370 2656 503 2722 historia
525 2654 689 2720 Pictorum
713 2667 811 2744 atquo
834 2655 913 2721 adeo
931 2658 1078 2747 picturae
1099 2655 1288 2724 enarranda.

275 2779 360 2845 llinc
383 2773 582 2845 redeundum
604 2773 697 2839 nobis
717 2787 763 2840 est
780 2772 819 2841 ad
840 2775 1069 2865 epigrammata
1091 2775 1256 2843 usercenci
1282 2775 1324 2842 ab

231 2895 467 2989 antiquioribus
494 2895 632 2984 scripta,
657 2906 693 2960 ut
713 2916 749 2960 ea
769 2915 899 2985 quoquc
925 2916 1168 2985 percenseamus
1191 2897 1223 2963 in
1250 2898 1324 2986 qui·

232 3018 292 3085 bus
316 3016 406 3084 nullo
429 3016 491 3083 iam
516 3016 658 3083 cernitur
686 3015 903 3104 inscriptionis
925 3028 1025 3095 nota,
1050 3029 1086 3084 ut
1109 3017 1142 3084 in
1163 3017 1324 3110 epigram·

232 3139 324 3207 matis
344 3134 503 3227 Daphitae
520 3149 552 3204 ct
576 3134 742 3225 Apollonii
764 3132 896 3227 Rhodii.
944 3136 991 3204 lle
1011 3122 1068 3203 illo
1087 3137 1204 3206 Strabo
1225 3138 1324 3221 xlv,

235 3264 266 3327 1.
292 3256 394 3326 T.lll
418 3280 453 3347 p.
477 3259 538 3323 185
563 3253 709 3326 Tauchn.
739 3257 772 3323 ἐυ
794 3255 887 3341 πεδίῳ
909 3258 1088 3342 καλουμένῳ
1108 3260 1247 3342 Θάρυκι,
1271 3262 1324 3344 ἐφ’

231 3373 486 3461 ᾧσταυρωάῆυαί
507 3382 589 3461 <lieres
612 3377 765 3495 Δαφάταυ
788 3379 840 3444 τὸυ
862 3380 1083 3464 γραμματικὸν
1105 3379 1325 3463 cordanicensis

231 3498 303 3573 τοὺς
325 3495 483 3576 βασιλέας
503 3496 555 3563 διά
577 3498 707 3580 στίχου·

322 3616 489 3701 Πορφάρεα
509 3620 682 3696 μώλωπες,
706 3619 941 3700 άπυρραάματα
963 3619 1065 3701 μάζας

412 3738 624 3821 Λυσιμάχου,
646 3740 751 3807 Λυδῶν
770 3737 888 3820 άρχετε
908 3739 960 3805 καὶ
985 3741 1129 3822 Φρυγίας.

235 3859 399 3951 hpollonii
418 3857 580 3925 distichon
604 3861 636 3926 in
662 3857 894 3928 Callimachum
918 3860 1072 3950 scripturn
1091 3860 1206 3950 legitur
1231 3860 1269 3926 Δ,
1286 3857 1321 3926 Ρ.

110 4079 112 4083 Ι
236 3979 409 4055 x1‚2rs.

277 4100 490 4181 Καλλίμαχος
513 4098 549 4165 τὸ
572 4096 737 4183 κάθαρμα,
762 4100 798 4167 ri
816 4099 978 4180 παίγνια,
1003 4103 1019 4168 i
1038 4099 1156 4179 ξύλινος
1181 4103 1270 4175 voris·

413 4221 509 4300 αἴτιος
527 4224 542 4291 o‘
564 4221 693 4307 γράψας
713 4224 808 4291 Αἷτυα
831 4226 1053 4308 Καλλίμαχος.
