<?xml version="1.0" encoding="UTF-8"?>
<!DOCTYPE html PUBLIC "-//W3C//DTD XHTML 1.0 Transitional//EN"
    "http://www.w3.org/TR/xhtml1/DTD/xhtml1-transitional.dtd">
<html xmlns="http://www.w3.org/1999/xhtml" xml:lang="en" lang="en">
 <head>
  <title>
</title>
<meta http-equiv="Content-Type" content="text/html;charset=utf-8" />
  <meta name='ocr-system' content='tesseract 3.04.00' />
  <meta name='ocr-capabilities' content='ocr_page ocr_carea ocr_par ocr_line ocrx_word'/>
</head>
<body>
  <div class='ocr_page' id='page_1' title='image "./commentationisc01heckgoog_0169.png"; bbox 0 0 2932 5108; ppageno 0'>
   <div class='ocr_carea' id='block_1_1' title="bbox 620 342 824 407">
    <p class='ocr_par' dir='ltr' id='par_1_1' title="bbox 620 342 824 407">
     <span class='ocr_line' id='line_1_1' title="bbox 620 342 824 407; baseline -0.01 0"><span class='ocrx_word' id='word_1_1' title='bbox 620 342 824 407; x_wconf 79' lang='lat'>-156—</span> 
     </span>
    </p>
   </div>
   <div class='ocr_carea' id='block_1_2' title="bbox 87 516 1287 3890">
    <p class='ocr_par' dir='ltr' id='par_1_2' title="bbox 176 516 1277 857">
     <span class='ocr_line' id='line_1_2' title="bbox 176 516 1277 621; baseline -0.003 -20"><span class='ocrx_word' id='word_1_2' title='bbox 176 516 336 602; x_wconf 81' lang='lat' dir='ltr'><strong>mnrmore</strong></span> <span class='ocrx_word' id='word_1_3' title='bbox 366 532 558 621; x_wconf 74' lang='lat' dir='ltr'><strong>descriptam</strong></span> <span class='ocrx_word' id='word_1_4' title='bbox 593 530 677 620; x_wconf 92' lang='lat' dir='ltr'><strong>apud</strong></span> <span class='ocrx_word' id='word_1_5' title='bbox 710 530 889 598; x_wconf 87' lang='lat' dir='ltr'><strong>luoobsinm</strong></span> <span class='ocrx_word' id='word_1_6' title='bbox 922 525 1072 595; x_wconf 77' lang='lat' dir='ltr'><strong>Addend.</strong></span> <span class='ocrx_word' id='word_1_7' title='bbox 1103 526 1143 593; x_wconf 91' lang='lat' dir='ltr'><strong>ad</strong></span> <span class='ocrx_word' id='word_1_8' title='bbox 1174 528 1277 599; x_wconf 78' lang='lat' dir='ltr'><strong>dnllr.</strong></span> 
     </span>
     <span class='ocr_line' id='line_1_3' title="bbox 177 649 696 743; baseline -0.01 -22"><span class='ocrx_word' id='word_1_9' title='bbox 177 652 247 723; x_wconf 85' lang='lat' dir='ltr'><strong>Pul.</strong></span> <span class='ocrx_word' id='word_1_10' title='bbox 269 678 303 743; x_wconf 86' lang='lat' dir='ltr'><strong>p.</strong></span> <span class='ocrx_word' id='word_1_11' title='bbox 328 671 399 721; x_wconf 78' lang='lat'>0111.</span> <span class='ocrx_word' id='word_1_12' title='bbox 425 652 566 718; x_wconf 77' lang='lat' dir='ltr'>invenias</span> <span class='ocrx_word' id='word_1_13' title='bbox 589 649 696 717; x_wconf 85' lang='lat' dir='ltr'><strong>hanc:</strong></span> 
     </span>
     <span class='ocr_line' id='line_1_4' title="bbox 182 768 1173 857; baseline -0.003 -18"><span class='ocrx_word' id='word_1_14' title='bbox 182 818 185 823; x_wconf 93' lang='lat'>-</span> <span class='ocrx_word' id='word_1_15' title='bbox 220 798 254 840; x_wconf 86' lang='grc' dir='ltr'><strong>οι.</strong></span> <span class='ocrx_word' id='word_1_16' title='bbox 267 776 376 852; x_wconf 74' lang='grc' dir='ltr'><strong>Σσῆλη</strong></span> <span class='ocrx_word' id='word_1_17' title='bbox 398 771 582 857; x_wconf 77' lang='grc' dir='ltr'><em>μοιριοοιρέν,</em></span> <span class='ocrx_word' id='word_1_18' title='bbox 607 774 687 846; x_wconf 82' lang='grc' dir='ltr'><em>σι’νος</em></span> <span class='ocrx_word' id='word_1_19' title='bbox 707 769 738 839; x_wconf 79' lang='grc' dir='ltr'><strong>εἷ</strong></span> <span class='ocrx_word' id='word_1_20' title='bbox 754 770 882 856; x_wconf 71' lang='grc' dir='ltr'><em>σοέφοςι</em></span> <span class='ocrx_word' id='word_1_21' title='bbox 906 772 941 850; x_wconf 84' lang='grc' dir='ltr'><strong>β.</strong></span> <span class='ocrx_word' id='word_1_22' title='bbox 954 770 1043 845; x_wconf 67' lang='lat' dir='ltr'><strong>deduc</strong></span> <span class='ocrx_word' id='word_1_23' title='bbox 1066 768 1173 837; x_wconf 79' lang='grc' dir='ltr'><em>έοιοιον.</em></span> 
     </span>
    </p>

    <p class='ocr_par' dir='ltr' id='par_1_3' title="bbox 266 890 1242 975">
     <span class='ocr_line' id='line_1_5' title="bbox 266 890 1242 975; baseline -0.003 -15"><span class='ocrx_word' id='word_1_24' title='bbox 266 919 299 960; x_wconf 91' lang='grc' dir='ltr'><strong>οι.</strong></span> <span class='ocrx_word' id='word_1_25' title='bbox 312 895 361 969; x_wconf 79' lang='grc' dir='ltr'><strong>τίς</strong></span> <span class='ocrx_word' id='word_1_26' title='bbox 372 895 399 960; x_wconf 90' lang='grc' dir='ltr'><strong>δ’</strong></span> <span class='ocrx_word' id='word_1_27' title='bbox 411 897 511 975; x_wconf 54' lang='lat' dir='ltr'><strong>duom</strong></span> <span class='ocrx_word' id='word_1_28' title='bbox 535 895 571 973; x_wconf 85' lang='grc' dir='ltr'><strong>β.</strong></span> <span class='ocrx_word' id='word_1_29' title='bbox 583 893 766 969; x_wconf 76' lang='grc' dir='ltr'><strong><em>Εὐθύδικος·</em></strong></span> <span class='ocrx_word' id='word_1_30' title='bbox 788 918 822 960; x_wconf 88' lang='grc' dir='ltr'><strong>οι.</strong></span> <span class='ocrx_word' id='word_1_31' title='bbox 837 892 870 961; x_wconf 80' lang='grc' dir='ltr'><strong>τέ</strong></span> <span class='ocrx_word' id='word_1_32' title='bbox 880 891 989 969; x_wconf 72' lang='grc' dir='ltr'><em>κλέοςς</em></span> <span class='ocrx_word' id='word_1_33' title='bbox 1013 893 1049 971; x_wconf 81' lang='grc' dir='ltr'><strong>β.</strong></span> <span class='ocrx_word' id='word_1_34' title='bbox 1061 890 1242 975; x_wconf 78' lang='grc' dir='ltr'><em>οέέιιοφέρος.</em></span> 
     </span>
    </p>

    <p class='ocr_par' dir='ltr' id='par_1_4' title="bbox 221 1011 1275 1099">
     <span class='ocr_line' id='line_1_6' title="bbox 221 1011 1275 1099; baseline -0.002 -19"><span class='ocrx_word' id='word_1_35' title='bbox 221 1039 255 1081; x_wconf 88' lang='grc' dir='ltr'><strong>οι.</strong></span> <span class='ocrx_word' id='word_1_36' title='bbox 267 1012 421 1089; x_wconf 81' lang='grc' dir='ltr'><em>οιοσσοέιιις</em></span> <span class='ocrx_word' id='word_1_37' title='bbox 438 1012 576 1099; x_wconf 77' lang='grc' dir='ltr'><em>έσσέφέν</em></span> <span class='ocrx_word' id='word_1_38' title='bbox 588 1014 715 1098; x_wconf 71' lang='grc' dir='ltr'><em>δρόμοις</em></span> <span class='ocrx_word' id='word_1_39' title='bbox 734 1012 940 1093; x_wconf 58' lang='lat' dir='ltr'><strong>statuendus·</strong></span> <span class='ocrx_word' id='word_1_40' title='bbox 963 1037 996 1079; x_wconf 86' lang='grc' dir='ltr'><strong>οι.</strong></span> <span class='ocrx_word' id='word_1_41' title='bbox 1008 1014 1057 1087; x_wconf 74' lang='grc' dir='ltr'><strong>σέο</strong></span> <span class='ocrx_word' id='word_1_42' title='bbox 1067 1013 1094 1080; x_wconf 89' lang='grc' dir='ltr'><strong>δ’</strong></span> <span class='ocrx_word' id='word_1_43' title='bbox 1106 1011 1198 1080; x_wconf 77' lang='grc' dir='ltr'><em>έλοιέν</em></span> <span class='ocrx_word' id='word_1_44' title='bbox 1209 1036 1275 1093; x_wconf 82' lang='grc' dir='ltr'><em>μιν;</em></span> 
     </span>
    </p>

    <p class='ocr_par' dir='ltr' id='par_1_5' title="bbox 175 1131 1281 1941">
     <span class='ocr_line' id='line_1_7' title="bbox 265 1131 1028 1219; baseline -0.004 -16"><span class='ocrx_word' id='word_1_45' title='bbox 265 1134 479 1219; x_wconf 80' lang='grc' dir='ltr'><em>β.1(οέροινος·</em></span> <span class='ocrx_word' id='word_1_46' title='bbox 503 1131 573 1201; x_wconf 68' lang='lat' dir='ltr'><strong>moi</strong></span> <span class='ocrx_word' id='word_1_47' title='bbox 592 1144 687 1214; x_wconf 70' lang='grc' dir='ltr'><em>τιμῆς</em></span> <span class='ocrx_word' id='word_1_48' title='bbox 710 1134 867 1217; x_wconf 76' lang='grc' dir='ltr'><em>κρέσσονας</em></span> <span class='ocrx_word' id='word_1_49' title='bbox 886 1133 1028 1215; x_wconf 75' lang='grc' dir='ltr'><strong>ἡμιθέων.</strong></span> 
     </span>
     <span class='ocr_line' id='line_1_8' title="bbox 175 1253 1278 1346; baseline -0.005 -23"><span class='ocrx_word' id='word_1_50' title='bbox 175 1254 215 1323; x_wconf 89' lang='lat' dir='ltr'><strong>In</strong></span> <span class='ocrx_word' id='word_1_51' title='bbox 234 1256 327 1321; x_wconf 88' lang='lat' dir='ltr'><strong>cuius</strong></span> <span class='ocrx_word' id='word_1_52' title='bbox 349 1277 441 1321; x_wconf 80' lang='lat' dir='ltr'><strong>versu</strong></span> <span class='ocrx_word' id='word_1_53' title='bbox 471 1256 567 1323; x_wconf 88' lang='lat' dir='ltr'><strong>tertio</strong></span> <span class='ocrx_word' id='word_1_54' title='bbox 589 1276 648 1345; x_wconf 88' lang='lat' dir='ltr'><strong>pro</strong></span> <span class='ocrx_word' id='word_1_55' title='bbox 670 1253 810 1322; x_wconf 78' lang='grc' dir='ltr'><em>σολλοέιιι</em></span> <span class='ocrx_word' id='word_1_56' title='bbox 832 1255 917 1346; x_wconf 90' lang='lat' dir='ltr'><strong>quod</strong></span> <span class='ocrx_word' id='word_1_57' title='bbox 940 1265 1044 1322; x_wconf 84' lang='lat' dir='ltr'><strong>metro</strong></span> <span class='ocrx_word' id='word_1_58' title='bbox 1074 1254 1175 1321; x_wconf 88' lang='lat' dir='ltr'><strong>officit</strong></span> <span class='ocrx_word' id='word_1_59' title='bbox 1198 1255 1278 1319; x_wconf 87' lang='lat' dir='ltr'><strong>sori·</strong></span> 
     </span>
     <span class='ocr_line' id='line_1_9' title="bbox 176 1372 1279 1466; baseline -0.001 -26"><span class='ocrx_word' id='word_1_60' title='bbox 176 1372 343 1441; x_wconf 81' lang='lat' dir='ltr'>bendum:</span> <span class='ocrx_word' id='word_1_61' title='bbox 368 1372 499 1450; x_wconf 81' lang='grc' dir='ltr'><em>ὀκσοέιιι,</em></span> <span class='ocrx_word' id='word_1_62' title='bbox 524 1377 588 1441; x_wconf 83' lang='lat' dir='ltr'><strong>sive</strong></span> <span class='ocrx_word' id='word_1_63' title='bbox 608 1373 696 1466; x_wconf 91' lang='lat' dir='ltr'><strong>quod</strong></span> <span class='ocrx_word' id='word_1_64' title='bbox 716 1373 877 1443; x_wconf 77' lang='lat' dir='ltr'><strong>(lebetum</strong></span> <span class='ocrx_word' id='word_1_65' title='bbox 896 1376 928 1441; x_wconf 91' lang='lat' dir='ltr'><strong>in</strong></span> <span class='ocrx_word' id='word_1_66' title='bbox 950 1374 1094 1465; x_wconf 76' lang='lat' dir='ltr'><strong>margine</strong></span> <span class='ocrx_word' id='word_1_67' title='bbox 1116 1373 1279 1463; x_wconf 80' lang='lat' dir='ltr'><strong>exempla·</strong></span> 
     </span>
     <span class='ocr_line' id='line_1_10' title="bbox 176 1494 1279 1587; baseline 0.003 -26"><span class='ocrx_word' id='word_1_68' title='bbox 176 1495 222 1561; x_wconf 90' lang='lat' dir='ltr'><strong>ris</strong></span> <span class='ocrx_word' id='word_1_69' title='bbox 247 1495 299 1561; x_wconf 90' lang='lat' dir='ltr'><strong>sui</strong></span> <span class='ocrx_word' id='word_1_70' title='bbox 324 1494 526 1587; x_wconf 70' lang='lat' dir='ltr'><strong>adscripsisse</strong></span> <span class='ocrx_word' id='word_1_71' title='bbox 558 1496 672 1564; x_wconf 83' lang='lat' dir='ltr'><strong>video:</strong></span> <span class='ocrx_word' id='word_1_72' title='bbox 705 1495 835 1568; x_wconf 77' lang='grc' dir='ltr'><strong>έοισοέκι.</strong></span> <span class='ocrx_word' id='word_1_73' title='bbox 884 1498 1027 1585; x_wconf 80' lang='lat' dir='ltr'><strong>Quocum</strong></span> <span class='ocrx_word' id='word_1_74' title='bbox 1061 1495 1279 1564; x_wconf 81' lang='lat' dir='ltr'><strong>conferendae</strong></span> 
     </span>
     <span class='ocr_line' id='line_1_11' title="bbox 177 1616 1281 1709; baseline -0.002 -25"><span class='ocrx_word' id='word_1_75' title='bbox 177 1637 215 1684; x_wconf 86' lang='lat' dir='ltr'><strong>ex</strong></span> <span class='ocrx_word' id='word_1_76' title='bbox 243 1616 438 1707; x_wconf 76' lang='lat' dir='ltr'><strong>Anthologiu</strong></span> <span class='ocrx_word' id='word_1_77' title='bbox 469 1617 552 1685; x_wconf 90' lang='lat' dir='ltr'><strong>duae</strong></span> <span class='ocrx_word' id='word_1_78' title='bbox 581 1619 808 1709; x_wconf 80' lang='lat' dir='ltr'><strong>inscriptiones</strong></span> <span class='ocrx_word' id='word_1_79' title='bbox 832 1617 974 1685; x_wconf 87' lang='lat' dir='ltr'><strong>eiusdem</strong></span> <span class='ocrx_word' id='word_1_80' title='bbox 1003 1620 1207 1709; x_wconf 78' lang='lat' dir='ltr'><strong>argumenti,</strong></span> <span class='ocrx_word' id='word_1_81' title='bbox 1232 1616 1281 1683; x_wconf 86' lang='lat' dir='ltr'><strong>el·</strong></span> 
     </span>
     <span class='ocr_line' id='line_1_12' title="bbox 178 1736 1277 1827; baseline 0.002 -24"><span class='ocrx_word' id='word_1_82' title='bbox 178 1749 245 1804; x_wconf 87' lang='lat' dir='ltr'><strong>tera</strong></span> <span class='ocrx_word' id='word_1_83' title='bbox 264 1736 443 1805; x_wconf 85' lang='lat' dir='ltr'><strong>Mnasaleae</strong></span> <span class='ocrx_word' id='word_1_84' title='bbox 466 1737 508 1805; x_wconf 79' lang='lat' dir='ltr'><strong>d.</strong></span> <span class='ocrx_word' id='word_1_85' title='bbox 530 1737 568 1805; x_wconf 85' lang='grc' dir='ltr'><strong>Ρ.</strong></span> <span class='ocrx_word' id='word_1_86' title='bbox 588 1738 675 1817; x_wconf 82' lang='lat' dir='ltr'><strong>Vll,</strong></span> <span class='ocrx_word' id='word_1_87' title='bbox 701 1742 787 1819; x_wconf 87' lang='lat'><strong>212,</strong></span> <span class='ocrx_word' id='word_1_88' title='bbox 813 1739 915 1807; x_wconf 84' lang='lat' dir='ltr'><strong>ultera</strong></span> <span class='ocrx_word' id='word_1_89' title='bbox 948 1740 1072 1827; x_wconf 69' lang='lat' dir='ltr'><strong>luytes</strong></span> <span class='ocrx_word' id='word_1_90' title='bbox 1085 1740 1173 1817; x_wconf 74' lang='grc'><strong>1111,</strong></span> <span class='ocrx_word' id='word_1_91' title='bbox 1199 1739 1277 1807; x_wconf 84' lang='grc'><strong>208.</strong></span> 
     </span>
     <span class='ocr_line' id='line_1_13' title="bbox 178 1855 1091 1941; baseline -0.003 -12"><span class='ocrx_word' id='word_1_92' title='bbox 178 1922 183 1929; x_wconf 94' lang='grc'><strong>.</strong></span> <span class='ocrx_word' id='word_1_93' title='bbox 267 1860 395 1937; x_wconf 78' lang='grc' dir='ltr'><em>Μνῖιμοι</em></span> <span class='ocrx_word' id='word_1_94' title='bbox 412 1855 483 1924; x_wconf 76' lang='grc' dir='ltr'><em>τόδε</em></span> <span class='ocrx_word' id='word_1_95' title='bbox 501 1857 651 1941; x_wconf 77' lang='grc' dir='ltr'><strong>φθιμένου</strong></span> <span class='ocrx_word' id='word_1_96' title='bbox 670 1857 959 1938; x_wconf 62' lang='lat' dir='ltr'><strong>perscelestum</strong></span> <span class='ocrx_word' id='word_1_97' title='bbox 982 1864 1091 1939; x_wconf 66' lang='lat' dir='ltr'><strong>Arium</strong></span> 
     </span>
    </p>

    <p class='ocr_par' dir='ltr' id='par_1_6' title="bbox 268 1974 1133 2304">
     <span class='ocr_line' id='line_1_14' title="bbox 312 1974 1040 2065; baseline 0.003 -20"><span class='ocrx_word' id='word_1_98' title='bbox 312 1974 495 2045; x_wconf 67' lang='lat' dir='ltr'><strong>intermissi</strong></span> <span class='ocrx_word' id='word_1_99' title='bbox 519 1976 641 2063; x_wconf 76' lang='grc' dir='ltr'><em>στέρνον</em></span> <span class='ocrx_word' id='word_1_100' title='bbox 663 1978 753 2047; x_wconf 78' lang='grc' dir='ltr'><em>τοῦδε</em></span> <span class='ocrx_word' id='word_1_101' title='bbox 776 1978 920 2065; x_wconf 81' lang='grc' dir='ltr'><em>δοιΦοινδς</em></span> <span class='ocrx_word' id='word_1_102' title='bbox 940 1982 1040 2063; x_wconf 75' lang='grc' dir='ltr'><strong><em>’Ἄρης</em></strong></span> 
     </span>
     <span class='ocr_line' id='line_1_15' title="bbox 268 2095 1133 2184; baseline 0.001 -17"><span class='ocrx_word' id='word_1_103' title='bbox 268 2098 376 2181; x_wconf 76' lang='grc' dir='ltr'><em>τύψε·</em></span> <span class='ocrx_word' id='word_1_104' title='bbox 397 2098 502 2180; x_wconf 75' lang='grc' dir='ltr'><em>μέλοιν</em></span> <span class='ocrx_word' id='word_1_105' title='bbox 525 2098 558 2165; x_wconf 89' lang='grc' dir='ltr'><strong>δέ</strong></span> <span class='ocrx_word' id='word_1_106' title='bbox 579 2100 607 2166; x_wconf 82' lang='grc' dir='ltr'><strong>οἱ</strong></span> <span class='ocrx_word' id='word_1_107' title='bbox 625 2095 711 2181; x_wconf 76' lang='grc' dir='ltr'><em>οἶμοι</em></span> <span class='ocrx_word' id='word_1_108' title='bbox 732 2099 919 2183; x_wconf 69' lang='lat' dir='ltr'><strong>concupisse</strong></span> <span class='ocrx_word' id='word_1_109' title='bbox 941 2098 994 2167; x_wconf 77' lang='grc' dir='ltr'><em>διδι</em></span> <span class='ocrx_word' id='word_1_110' title='bbox 1013 2100 1133 2184; x_wconf 76' lang='grc' dir='ltr'><strong><em>χρωτὸς</em></strong></span> 
     </span>
     <span class='ocr_line' id='line_1_16' title="bbox 313 2217 1117 2304; baseline 0.001 -18"><span class='ocrx_word' id='word_1_111' title='bbox 313 2219 399 2301; x_wconf 85' lang='grc' dir='ltr'><em>ζέσσ’</em></span> <span class='ocrx_word' id='word_1_112' title='bbox 421 2220 473 2287; x_wconf 80' lang='lat' dir='ltr'><strong>r’rrl</strong></span> <span class='ocrx_word' id='word_1_113' title='bbox 497 2220 524 2287; x_wconf 91' lang='grc' dir='ltr'><strong>δ’</strong></span> <span class='ocrx_word' id='word_1_114' title='bbox 546 2219 748 2302; x_wconf 57' lang='lat' dir='ltr'><strong>sicyonius</strong></span> <span class='ocrx_word' id='word_1_115' title='bbox 769 2221 872 2301; x_wconf 77' lang='grc' dir='ltr'><em>βῶλον</em></span> <span class='ocrx_word' id='word_1_116' title='bbox 895 2218 1001 2287; x_wconf 77' lang='grc' dir='ltr'><em>ἕδενσο</em></span> <span class='ocrx_word' id='word_1_117' title='bbox 1020 2217 1117 2304; x_wconf 72' lang='grc' dir='ltr'><strong>Φάνῳ.</strong></span> 
     </span>
    </p>

    <p class='ocr_par' dir='ltr' id='par_1_7' title="bbox 87 2341 1287 3890">
     <span class='ocr_line' id='line_1_17' title="bbox 179 2341 1283 2434; baseline -0.004 -23"><span class='ocrx_word' id='word_1_118' title='bbox 179 2342 225 2411; x_wconf 89' lang='lat' dir='ltr'><strong>Ut</strong></span> <span class='ocrx_word' id='word_1_119' title='bbox 250 2354 358 2409; x_wconf 87' lang='lat' dir='ltr'><strong>autem</strong></span> <span class='ocrx_word' id='word_1_120' title='bbox 383 2341 416 2408; x_wconf 90' lang='lat' dir='ltr'><strong>in</strong></span> <span class='ocrx_word' id='word_1_121' title='bbox 437 2341 617 2410; x_wconf 84' lang='lat' dir='ltr'><strong>Mnasalcue</strong></span> <span class='ocrx_word' id='word_1_122' title='bbox 649 2343 860 2434; x_wconf 89' lang='lat' dir='ltr'><strong>inscriptione</strong></span> <span class='ocrx_word' id='word_1_123' title='bbox 886 2364 1003 2409; x_wconf 91' lang='lat' dir='ltr'><strong>nomen</strong></span> <span class='ocrx_word' id='word_1_124' title='bbox 1036 2343 1113 2432; x_wconf 90' lang='lat' dir='ltr'><strong>equi</strong></span> <span class='ocrx_word' id='word_1_125' title='bbox 1143 2342 1283 2409; x_wconf 87' lang='lat' dir='ltr'><strong>cursoris</strong></span> 
     </span>
     <span class='ocr_line' id='line_1_18' title="bbox 178 2460 1284 2553; baseline -0.002 -22"><span class='ocrx_word' id='word_1_126' title='bbox 178 2475 228 2531; x_wconf 87' lang='lat' dir='ltr'><strong>eet</strong></span> <span class='ocrx_word' id='word_1_127' title='bbox 246 2460 360 2531; x_wconf 79' lang='grc' dir='ltr'><em>Αέένιοι</em></span> <span class='ocrx_word' id='word_1_128' title='bbox 383 2474 415 2530; x_wconf 88' lang='lat' dir='ltr'><strong>et</strong></span> <span class='ocrx_word' id='word_1_129' title='bbox 434 2463 467 2530; x_wconf 94' lang='lat' dir='ltr'><strong>in</strong></span> <span class='ocrx_word' id='word_1_130' title='bbox 492 2463 592 2529; x_wconf 86' lang='lat' dir='ltr'><strong>ultera</strong></span> <span class='ocrx_word' id='word_1_131' title='bbox 612 2463 802 2539; x_wconf 75' lang='grc' dir='ltr'><em>Εὐθύδικος,</em></span> <span class='ocrx_word' id='word_1_132' title='bbox 827 2463 870 2530; x_wconf 88' lang='lat' dir='ltr'><strong>ita</strong></span> <span class='ocrx_word' id='word_1_133' title='bbox 896 2464 929 2529; x_wconf 92' lang='lat' dir='ltr'><strong>in</strong></span> <span class='ocrx_word' id='word_1_134' title='bbox 955 2469 1078 2553; x_wconf 69' lang='lat' dir='ltr'><strong>Anytes</strong></span> <span class='ocrx_word' id='word_1_135' title='bbox 1099 2463 1284 2553; x_wconf 86' lang='lat' dir='ltr'><strong>inscriptio·</strong></span> 
     </span>
     <span class='ocr_line' id='line_1_19' title="bbox 177 2583 1282 2675; baseline -0.002 -22"><span class='ocrx_word' id='word_1_136' title='bbox 177 2587 227 2653; x_wconf 90' lang='lat' dir='ltr'><strong>nis</strong></span> <span class='ocrx_word' id='word_1_137' title='bbox 261 2608 355 2653; x_wconf 74' lang='lat' dir='ltr'><strong>uersu</strong></span> <span class='ocrx_word' id='word_1_138' title='bbox 392 2585 499 2673; x_wconf 90' lang='lat' dir='ltr'><strong>primo</strong></span> <span class='ocrx_word' id='word_1_139' title='bbox 532 2583 713 2650; x_wconf 84' lang='lat' dir='ltr'><strong>Meinelrius</strong></span> <span class='ocrx_word' id='word_1_140' title='bbox 747 2584 873 2654; x_wconf 87' lang='lat' dir='ltr'><strong>Delect.</strong></span> <span class='ocrx_word' id='word_1_141' title='bbox 909 2584 1022 2675; x_wconf 77' lang='lat' dir='ltr'><strong>Epigr.</strong></span> <span class='ocrx_word' id='word_1_142' title='bbox 1060 2608 1095 2673; x_wconf 88' lang='lat' dir='ltr'><strong>p.</strong></span> <span class='ocrx_word' id='word_1_143' title='bbox 1115 2588 1171 2657; x_wconf 82' lang='lat'><strong>98.</strong></span> <span class='ocrx_word' id='word_1_144' title='bbox 1206 2607 1282 2651; x_wconf 89' lang='lat' dir='ltr'><strong>cum</strong></span> 
     </span>
     <span class='ocr_line' id='line_1_20' title="bbox 179 2703 1283 2797; baseline 0 -23"><span class='ocrx_word' id='word_1_145' title='bbox 179 2707 296 2775; x_wconf 89' lang='lat' dir='ltr'><strong>Grotio</strong></span> <span class='ocrx_word' id='word_1_146' title='bbox 313 2703 486 2772; x_wconf 77' lang='grc' dir='ltr'><em>Μενεδιιέον</em></span> <span class='ocrx_word' id='word_1_147' title='bbox 506 2703 593 2794; x_wconf 89' lang='lat' dir='ltr'><strong>quod</strong></span> <span class='ocrx_word' id='word_1_148' title='bbox 615 2706 692 2794; x_wconf 91' lang='lat' dir='ltr'><strong>equi</strong></span> <span class='ocrx_word' id='word_1_149' title='bbox 711 2727 828 2772; x_wconf 89' lang='lat' dir='ltr'><strong>nomen</strong></span> <span class='ocrx_word' id='word_1_150' title='bbox 850 2705 966 2786; x_wconf 88' lang='lat' dir='ltr'><strong>luerit,</strong></span> <span class='ocrx_word' id='word_1_151' title='bbox 989 2706 1143 2797; x_wconf 87' lang='lat' dir='ltr'><strong>praefert.</strong></span> <span class='ocrx_word' id='word_1_152' title='bbox 1190 2706 1283 2795; x_wconf 81' lang='lat' dir='ltr'><strong>Quod</strong></span> 
     </span>
     <span class='ocr_line' id='line_1_21' title="bbox 179 2824 1284 2916; baseline 0 -21"><span class='ocrx_word' id='word_1_153' title='bbox 179 2824 262 2895; x_wconf 90' lang='lat' dir='ltr'><strong>mibi</strong></span> <span class='ocrx_word' id='word_1_154' title='bbox 292 2850 404 2916; x_wconf 88' lang='lat' dir='ltr'><strong>parum</strong></span> <span class='ocrx_word' id='word_1_155' title='bbox 430 2826 600 2916; x_wconf 79' lang='lat' dir='ltr'><strong>probabile</strong></span> <span class='ocrx_word' id='word_1_156' title='bbox 628 2824 778 2905; x_wconf 84' lang='lat' dir='ltr'><strong>ridetur,</strong></span> <span class='ocrx_word' id='word_1_157' title='bbox 802 2849 886 2916; x_wconf 88' lang='lat' dir='ltr'><strong>equo</strong></span> <span class='ocrx_word' id='word_1_158' title='bbox 916 2826 1003 2894; x_wconf 87' lang='lat' dir='ltr'><strong>enirn</strong></span> <span class='ocrx_word' id='word_1_159' title='bbox 1031 2827 1204 2895; x_wconf 88' lang='lat' dir='ltr'><strong>nobilitato</strong></span> <span class='ocrx_word' id='word_1_160' title='bbox 1233 2829 1284 2896; x_wconf 86' lang='lat' dir='ltr'><strong>ri·</strong></span> 
     </span>
     <span class='ocr_line' id='line_1_22' title="bbox 180 2947 1282 3017; baseline 0 -2"><span class='ocrx_word' id='word_1_161' title='bbox 180 2948 291 3017; x_wconf 88' lang='lat' dir='ltr'><strong>otoriis</strong></span> <span class='ocrx_word' id='word_1_162' title='bbox 318 2948 352 3013; x_wconf 92' lang='lat' dir='ltr'><strong>iu</strong></span> <span class='ocrx_word' id='word_1_163' title='bbox 375 2947 605 3015; x_wconf 71' lang='lat' dir='ltr'><strong>certaminibus</strong></span> <span class='ocrx_word' id='word_1_164' title='bbox 631 2947 798 3015; x_wconf 90' lang='lat' dir='ltr'><strong>curulibus</strong></span> <span class='ocrx_word' id='word_1_165' title='bbox 831 2972 948 3016; x_wconf 91' lang='lat' dir='ltr'><strong>nomen</strong></span> <span class='ocrx_word' id='word_1_166' title='bbox 970 2948 1110 3016; x_wconf 90' lang='lat' dir='ltr'><strong>inditum</strong></span> <span class='ocrx_word' id='word_1_167' title='bbox 1135 2973 1203 3017; x_wconf 90' lang='lat' dir='ltr'><strong>esse</strong></span> <span class='ocrx_word' id='word_1_168' title='bbox 1234 2951 1282 3017; x_wconf 91' lang='lat' dir='ltr'><strong>nil</strong></span> 
     </span>
     <span class='ocr_line' id='line_1_23' title="bbox 180 3067 1284 3161; baseline 0.001 -24"><span class='ocrx_word' id='word_1_169' title='bbox 180 3070 320 3149; x_wconf 87' lang='lat' dir='ltr'><strong>mirum,</strong></span> <span class='ocrx_word' id='word_1_170' title='bbox 345 3068 400 3137; x_wconf 83' lang='lat' dir='ltr'><strong>sed</strong></span> <span class='ocrx_word' id='word_1_171' title='bbox 430 3070 464 3136; x_wconf 94' lang='lat' dir='ltr'><strong>in</strong></span> <span class='ocrx_word' id='word_1_172' title='bbox 491 3071 583 3161; x_wconf 90' lang='lat' dir='ltr'><strong>equis</strong></span> <span class='ocrx_word' id='word_1_173' title='bbox 613 3068 739 3135; x_wconf 87' lang='lat' dir='ltr'><strong>bellicis</strong></span> <span class='ocrx_word' id='word_1_174' title='bbox 762 3067 848 3136; x_wconf 90' lang='lat' dir='ltr'><strong>idem</strong></span> <span class='ocrx_word' id='word_1_175' title='bbox 878 3093 895 3134; x_wconf 86' lang='lat' dir='ltr'><strong>u</strong></span> <span class='ocrx_word' id='word_1_176' title='bbox 922 3068 1081 3135; x_wconf 84' lang='lat' dir='ltr'><strong>militibus</strong></span> <span class='ocrx_word' id='word_1_177' title='bbox 1116 3071 1187 3139; x_wconf 85' lang='lat' dir='ltr'><strong>lieri</strong></span> <span class='ocrx_word' id='word_1_178' title='bbox 1218 3095 1284 3139; x_wconf 93' lang='lat' dir='ltr'><strong>non</strong></span> 
     </span>
     <span class='ocr_line' id='line_1_24' title="bbox 180 3185 1285 3282; baseline 0 -23"><span class='ocrx_word' id='word_1_179' title='bbox 180 3192 274 3262; x_wconf 88' lang='lat' dir='ltr'><strong>solet.</strong></span> <span class='ocrx_word' id='word_1_180' title='bbox 321 3191 425 3282; x_wconf 75' lang='lat' dir='ltr'><strong>Igitur</strong></span> <span class='ocrx_word' id='word_1_181' title='bbox 456 3193 670 3259; x_wconf 86' lang='lat' dir='ltr'><strong>rectissimum</strong></span> <span class='ocrx_word' id='word_1_182' title='bbox 695 3202 741 3257; x_wconf 88' lang='lat' dir='ltr'><strong>est</strong></span> <span class='ocrx_word' id='word_1_183' title='bbox 769 3188 932 3269; x_wconf 79' lang='grc' dir='ltr'><em>μενεδοιΐον</em></span> <span class='ocrx_word' id='word_1_184' title='bbox 954 3185 1070 3265; x_wconf 71' lang='lat' dir='ltr'><strong>innuo,</strong></span> <span class='ocrx_word' id='word_1_185' title='bbox 1096 3188 1129 3256; x_wconf 93' lang='lat' dir='ltr'><strong>id</strong></span> <span class='ocrx_word' id='word_1_186' title='bbox 1155 3204 1203 3259; x_wconf 88' lang='lat' dir='ltr'><strong>est</strong></span> <span class='ocrx_word' id='word_1_187' title='bbox 1230 3216 1285 3258; x_wconf 86' lang='grc' dir='ltr'><em>ιιο·</em></span> 
     </span>
     <span class='ocr_line' id='line_1_25' title="bbox 181 3309 1286 3395; baseline -0.001 -15"><span class='ocrx_word' id='word_1_188' title='bbox 181 3312 402 3393; x_wconf 78' lang='grc' dir='ltr'><em>λεμισσνρέον,</em></span> <span class='ocrx_word' id='word_1_189' title='bbox 429 3322 465 3376; x_wconf 84' lang='lat' dir='ltr'><strong>ut</strong></span> <span class='ocrx_word' id='word_1_190' title='bbox 489 3310 573 3379; x_wconf 83' lang='lat' dir='ltr'><strong>Gall.</strong></span> <span class='ocrx_word' id='word_1_191' title='bbox 601 3312 676 3380; x_wconf 82' lang='lat' dir='ltr'><strong>Ger.</strong></span> <span class='ocrx_word' id='word_1_192' title='bbox 700 3315 774 3382; x_wconf 90' lang='grc'><strong>109.</strong></span> <span class='ocrx_word' id='word_1_193' title='bbox 799 3311 852 3378; x_wconf 75' lang='grc' dir='ltr'><strong>καὶ</strong></span> <span class='ocrx_word' id='word_1_194' title='bbox 877 3312 929 3378; x_wconf 80' lang='grc' dir='ltr'><strong>σὸν</strong></span> <span class='ocrx_word' id='word_1_195' title='bbox 951 3309 1139 3395; x_wconf 71' lang='grc' dir='ltr'><em>ἀεθλοφόρον</em></span> <span class='ocrx_word' id='word_1_196' title='bbox 1161 3313 1212 3383; x_wconf 71' lang='grc' dir='ltr'><strong>καὶ</strong></span> <span class='ocrx_word' id='word_1_197' title='bbox 1233 3314 1286 3379; x_wconf 79' lang='grc' dir='ltr'><strong>τὸν</strong></span> 
     </span>
     <span class='ocr_line' id='line_1_26' title="bbox 181 3427 1286 3521; baseline -0.001 -20"><span class='ocrx_word' id='word_1_198' title='bbox 181 3433 350 3510; x_wconf 64' lang='lat' dir='ltr'><strong>ostendier</strong></span> <span class='ocrx_word' id='word_1_199' title='bbox 379 3427 493 3506; x_wconf 79' lang='grc' dir='ltr'><em>ἵποιον,</em></span> <span class='ocrx_word' id='word_1_200' title='bbox 529 3431 647 3521; x_wconf 79' lang='lat' dir='ltr'><strong>Polyb.</strong></span> <span class='ocrx_word' id='word_1_201' title='bbox 681 3434 759 3502; x_wconf 73' lang='lat' dir='ltr'><strong>linc.</strong></span> <span class='ocrx_word' id='word_1_202' title='bbox 780 3432 864 3511; x_wconf 85' lang='lat' dir='ltr'><strong>Xll,</strong></span> <span class='ocrx_word' id='word_1_203' title='bbox 889 3436 923 3500; x_wconf 88' lang='lat'><strong>2.</strong></span> <span class='ocrx_word' id='word_1_204' title='bbox 969 3431 1009 3500; x_wconf 91' lang='lat' dir='ltr'><strong>In</strong></span> <span class='ocrx_word' id='word_1_205' title='bbox 1038 3430 1182 3501; x_wconf 86' lang='lat' dir='ltr'><strong>eiusdem</strong></span> <span class='ocrx_word' id='word_1_206' title='bbox 1214 3458 1286 3501; x_wconf 89' lang='lat' dir='ltr'><strong>car-</strong></span> 
     </span>
     <span class='ocr_line' id='line_1_27' title="bbox 183 3552 1287 3635; baseline 0 -12"><span class='ocrx_word' id='word_1_207' title='bbox 183 3555 281 3623; x_wconf 86' lang='lat' dir='ltr'><strong>minis</strong></span> <span class='ocrx_word' id='word_1_208' title='bbox 304 3576 396 3621; x_wconf 83' lang='lat' dir='ltr'><strong>versu</strong></span> <span class='ocrx_word' id='word_1_209' title='bbox 416 3552 557 3621; x_wconf 90' lang='lat' dir='ltr'><strong>secundo</strong></span> <span class='ocrx_word' id='word_1_210' title='bbox 575 3553 757 3621; x_wconf 82' lang='lat' dir='ltr'><strong>bleinelius</strong></span> <span class='ocrx_word' id='word_1_211' title='bbox 776 3577 814 3621; x_wconf 81' lang='lat' dir='ltr'><strong>ea</strong></span> <span class='ocrx_word' id='word_1_212' title='bbox 833 3552 946 3621; x_wconf 88' lang='lat' dir='ltr'><strong>codice</strong></span> <span class='ocrx_word' id='word_1_213' title='bbox 967 3553 1112 3635; x_wconf 82' lang='grc' dir='ltr'><em>δοιφοινέν</em></span> <span class='ocrx_word' id='word_1_214' title='bbox 1132 3556 1287 3624; x_wconf 84' lang='lat' dir='ltr'><strong>restituit.</strong></span> 
     </span>
     <span class='ocr_line' id='line_1_28' title="bbox 87 3664 1285 3768; baseline -0.004 -21"><span class='ocrx_word' id='word_1_215' title='bbox 87 3664 90 3673; x_wconf 41' lang='lat'>¹</span> <span class='ocrx_word' id='word_1_216' title='bbox 181 3679 232 3747; x_wconf 79' lang='lat' dir='ltr'><strong>-Ex</strong></span> <span class='ocrx_word' id='word_1_217' title='bbox 250 3676 351 3745; x_wconf 87' lang='lat' dir='ltr'><strong>Suida</strong></span> <span class='ocrx_word' id='word_1_218' title='bbox 373 3675 536 3743; x_wconf 88' lang='lat' dir='ltr'><strong>lacobsius</strong></span> <span class='ocrx_word' id='word_1_219' title='bbox 558 3674 725 3760; x_wconf 79' lang='grc' dir='ltr'><em>δοιφοινές,</em></span> <span class='ocrx_word' id='word_1_220' title='bbox 752 3674 840 3765; x_wconf 91' lang='lat' dir='ltr'><strong>quod</strong></span> <span class='ocrx_word' id='word_1_221' title='bbox 867 3672 949 3740; x_wconf 91' lang='lat' dir='ltr'><strong>mihi</strong></span> <span class='ocrx_word' id='word_1_222' title='bbox 972 3672 1101 3742; x_wconf 79' lang='lat' dir='ltr'><strong>ridetur</strong></span> <span class='ocrx_word' id='word_1_223' title='bbox 1123 3691 1285 3768; x_wconf 83' lang='lat' dir='ltr'><strong>praestare</strong></span> 
     </span>
     <span class='ocr_line' id='line_1_29' title="bbox 184 3790 1284 3890; baseline -0.005 -23"><span class='ocrx_word' id='word_1_224' title='bbox 184 3812 318 3890; x_wconf 89' lang='lat' dir='ltr'><strong>propter</strong></span> <span class='ocrx_word' id='word_1_225' title='bbox 349 3790 531 3866; x_wconf 86' lang='lat' dir='ltr'><strong>udiectum:</strong></span> <span class='ocrx_word' id='word_1_226' title='bbox 567 3796 671 3878; x_wconf 81' lang='grc' dir='ltr'><em>μέλον</em></span> <span class='ocrx_word' id='word_1_227' title='bbox 704 3791 799 3876; x_wconf 82' lang='grc' dir='ltr'><em>οἶμοι.</em></span> <span class='ocrx_word' id='word_1_228' title='bbox 853 3796 955 3861; x_wconf 81' lang='lat' dir='ltr'><strong>Versu</strong></span> <span class='ocrx_word' id='word_1_229' title='bbox 991 3811 1107 3887; x_wconf 87' lang='lat' dir='ltr'><strong>quarto</strong></span> <span class='ocrx_word' id='word_1_230' title='bbox 1139 3800 1284 3887; x_wconf 87' lang='lat' dir='ltr'><strong>ineptum</strong></span> 
     </span>
    </p>
   </div>
   <div class='ocr_carea' id='block_1_3' title="bbox 183 3901 1285 4367">
    <p class='ocr_par' dir='ltr' id='par_1_8' title="bbox 183 3901 1285 4255">
     <span class='ocr_line' id='line_1_30' title="bbox 183 3901 1285 4012; baseline -0.006 -24"><span class='ocrx_word' id='word_1_231' title='bbox 183 3919 358 4012; x_wconf 85' lang='lat' dir='ltr'><strong>essequod</strong></span> <span class='ocrx_word' id='word_1_232' title='bbox 379 3919 477 4011; x_wconf 75' lang='lat' dir='ltr'><strong>vulgo</strong></span> <span class='ocrx_word' id='word_1_233' title='bbox 500 3918 618 4009; x_wconf 78' lang='lat' dir='ltr'><strong>legitur</strong></span> <span class='ocrx_word' id='word_1_234' title='bbox 641 3908 805 4003; x_wconf 71' lang='grc' dir='ltr'><em>οὶργοιιιέὶιν</em></span> <span class='ocrx_word' id='word_1_235' title='bbox 831 3939 925 3984; x_wconf 90' lang='lat' dir='ltr'><strong>nemo</strong></span> <span class='ocrx_word' id='word_1_236' title='bbox 946 3942 1010 3985; x_wconf 90' lang='lat' dir='ltr'><strong>non</strong></span> <span class='ocrx_word' id='word_1_237' title='bbox 1032 3919 1196 4005; x_wconf 79' lang='lat' dir='ltr'><strong>intelligit.</strong></span> <span class='ocrx_word' id='word_1_238' title='bbox 1211 3901 1214 3907; x_wconf 38' lang='lat'><strong>¹</strong></span> <span class='ocrx_word' id='word_1_239' title='bbox 1229 3918 1285 3982; x_wconf 93' lang='lat' dir='ltr'><strong>In-</strong></span> 
     </span>
     <span class='ocr_line' id='line_1_31' title="bbox 185 4038 1285 4137; baseline -0.004 -31"><span class='ocrx_word' id='word_1_240' title='bbox 185 4061 281 4131; x_wconf 85' lang='lat' dir='ltr'><strong>super</strong></span> <span class='ocrx_word' id='word_1_241' title='bbox 298 4041 403 4111; x_wconf 87' lang='grc' dir='ltr'><em>ἔδενσε</em></span> <span class='ocrx_word' id='word_1_242' title='bbox 427 4039 610 4133; x_wconf 78' lang='lat' dir='ltr'><strong>languidius</strong></span> <span class='ocrx_word' id='word_1_243' title='bbox 635 4041 759 4109; x_wconf 90' lang='lat' dir='ltr'><strong>dictum</strong></span> <span class='ocrx_word' id='word_1_244' title='bbox 782 4038 920 4137; x_wconf 82' lang='lat' dir='ltr'><strong>ridetur.</strong></span> <span class='ocrx_word' id='word_1_245' title='bbox 971 4038 1185 4127; x_wconf 81' lang='lat' dir='ltr'><strong>Quamobrem</strong></span> <span class='ocrx_word' id='word_1_246' title='bbox 1206 4059 1285 4126; x_wconf 91' lang='lat' dir='ltr'><strong>poe·</strong></span> 
     </span>
     <span class='ocr_line' id='line_1_32' title="bbox 188 4162 549 4255; baseline 0 -26"><span class='ocrx_word' id='word_1_247' title='bbox 188 4163 281 4231; x_wconf 90' lang='lat' dir='ltr'><strong>triam</strong></span> <span class='ocrx_word' id='word_1_248' title='bbox 303 4162 426 4232; x_wconf 89' lang='lat' dir='ltr'><strong>dedisse</strong></span> <span class='ocrx_word' id='word_1_249' title='bbox 449 4175 549 4255; x_wconf 82' lang='lat' dir='ltr'><strong>puto:</strong></span> 
     </span>
    </p>

    <p class='ocr_par' dir='ltr' id='par_1_9' title="bbox 504 4276 1160 4367">
     <span class='ocr_line' id='line_1_33' title="bbox 504 4276 1160 4367; baseline -0.011 -18"><span class='ocrx_word' id='word_1_250' title='bbox 504 4283 556 4351; x_wconf 79' lang='grc' dir='ltr'><strong>ἐπὶ</strong></span> <span class='ocrx_word' id='word_1_251' title='bbox 580 4284 606 4351; x_wconf 89' lang='grc' dir='ltr'><strong>δ’</strong></span> <span class='ocrx_word' id='word_1_252' title='bbox 630 4282 794 4367; x_wconf 67' lang='lat' dir='ltr'><strong>eppental</strong></span> <span class='ocrx_word' id='word_1_253' title='bbox 817 4284 918 4363; x_wconf 72' lang='lat' dir='ltr'><strong>licitos</strong></span> <span class='ocrx_word' id='word_1_254' title='bbox 942 4280 1044 4363; x_wconf 80' lang='grc' dir='ltr'><em>έρενσε</em></span> <span class='ocrx_word' id='word_1_255' title='bbox 1068 4276 1160 4363; x_wconf 79' lang='grc' dir='ltr'><strong>φένςο.</strong></span> 
     </span>
    </p>
   </div>
   <div class='ocr_carea' id='block_1_4' title="bbox 0 0 1484 5108">
    <p class='ocr_par' dir='ltr' id='par_1_10' title="bbox 0 0 1484 5108">
     <span class='ocr_line' id='line_1_34' title="bbox 0 0 1484 5108; baseline 0 0"><span class='ocrx_word' id='word_1_256' title='bbox 0 0 1484 5108; x_wconf 95' lang='lat' dir='ltr'><strong> </strong></span> 
     </span>
    </p>
   </div>
  </div>
 </body>
</html>
