2932 5108
637 362 818 423 ..82-

266 550 358 616 uacci
379 549 412 614 li
429 550 475 629 μὴ
495 550 565 613 nori
587 548 700 629 νίππροο
723 546 826 630 φέρειν
851 542 1065 626 κρυστάλλινα
1090 549 1232 627 Ννμφῖον

355 670 452 751 δῶρον,
476 670 529 735 τὸν
550 669 703 751 ὑβριοπόιν
726 670 770 743 εἷς
791 668 848 747 ἐμὲ
868 666 1057 749 δερκόμενος.

265 791 301 867 β.
327 788 349 855 ὦ
368 789 456 870 σέμν’
474 791 508 855 οὐ
529 786 629 866 λέξεις
648 786 749 871 ἕτερον
770 786 884 867 λόγονς
910 813 943 852 ιι.
965 788 1055 853 οὶλλοὶ
1074 784 1218 869 παρέξεις

356 906 515 987 malkus·
539 908 659 984 τούτοις
682 914 809 991 χρῶμοιι
830 908 926 975 issiu
949 908 1108 989 νομίμοις·

267 1032 302 1109 ἢν
320 1032 351 1098 δὲ
374 1041 483 1115 ποιῇς
506 1031 709 1108 ἐπίτηδες,
734 1029 817 1114 ἔχων
838 1029 959 1105 πάθος,
985 1028 1051 1097 ἔστι
1076 1027 1128 1095 sui
1149 1026 1240 1093 ἄλλοι

357 1151 478 1234 sixena,
503 1153 546 1235 τῷ
569 1150 694 1235 ῥοπάλῳ
717 1152 778 1217 πὰν
797 1150 946 1234 ιιεφοιλιὶν
969 1150 1118 1231 λέπομος.

178 1272 273 1342 ise
303 1273 509 1340 scribendum
542 1270 636 1353 ἔχων.
684 1272 798 1362 lnepta
828 1272 915 1337 enim
946 1273 1105 1339 sententia
1135 1267 1284 1357 vulgatae

177 1406 340 1485 »arrepta
371 1416 451 1460 urna
483 1394 617 1483 aquaria
646 1388 780 1459 hauri.”
828 1392 917 1459 llicit
947 1393 1012 1458 l’cn
1034 1390 1211 1480 unicuique
1241 1390 1283 1456 li·

175 1535 250 1582 cero
279 1512 329 1581 rel
356 1513 504 1579 manibus
534 1511 584 1580 rel
607 1534 686 1579 urno
716 1534 834 1602 aquarn
865 1510 996 1579 haurire
1029 1512 1099 1578 sitis
1131 1510 1285 1578 levandae

176 1635 293 1725 gretia.
342 1634 437 1704 vus
469 1633 570 1702 codex
603 1633 766 1701 Palatinus
793 1633 948 1724 praebet:
986 1633 1022 1712 ἢν
1044 1633 1077 1700 δὲ
1100 1632 1189 1717 oricus
1212 1630 1282 1699 tot-

176 1755 290 1832 τνδις,
315 1753 403 1844 quod
433 1768 538 1823 metro
568 1754 784 1844 redarguitur.
831 1755 982 1822 Reiskius
1012 1755 1142 1846 scripsit
1169 1762 1282 1838 ποιῇς,

178 1874 267 1967 quod
296 1876 479 1943 Brunokius
508 1877 740 1966 interpretatus
771 1888 839 1943 est-s
877 1878 939 1942 »si
963 1898 1038 1943 cero
1061 1876 1102 1943 ‹le
1125 1876 1284 1943 industria
1353 1936 1356 1941 .

179 1994 213 2065 ial
246 1994 381 2076 leceris,
406 1998 483 2087 quia
510 1994 665 2064 cinaedus
691 1997 765 2065 os.”
815 1996 905 2083 Quae
931 1998 979 2063 ris
1007 1996 1123 2065 dubito
1144 2020 1184 2063 an
1215 1997 1287 2064 iure

180 2119 312 2187 Graccis
332 2118 439 2185 verbis
456 2118 557 2186 tribui
586 2119 705 2210 possit,
728 2138 834 2208 coque
853 2118 994 2186 diffiteor
1013 2118 1094 2187 mibi
1119 2116 1182 2189 boc
1204 2119 1286 2186 scri-

179 2252 237 2331 pto
255 2236 514 2308 emendationem
536 2262 646 2307 versas
669 2242 778 2330 potius
801 2241 963 2330 inceptans
985 2262 1081 2332 quum
1106 2224 1284 2333 perfectoris

180 2359 297 2430 rideri.
344 2358 525 2427 Nicarobus
546 2360 713 2451 scripsisse
736 2358 889 2431 ridetur:

203 2506 205 2511 ’
269 2484 306 2562 ἦν
328 2482 361 2550 δὲ
384 2492 472 2567 ποιῇς
496 2480 547 2550 ἐπὶ
572 2488 691 2560 τοῖσιν,
716 2481 799 2566 ἔχων
821 2481 919 2560 ποὲθος
943 2485 1009 2552 κπὲ.

180 2602 241 2671 hac
263 2605 442 2671 sententie:
468 2626 490 2667 n
503 2605 528 2669 si
550 2616 587 2668 ut
616 2603 766 2693 pathicus
788 2604 838 2669 rel
861 2603 910 2670 bis
930 2604 1054 2693 legibus
1075 2606 1166 2695 aquis
1186 2604 1285 2670 fontis

180 2736 213 2790 te
235 2721 364 2801 abluis,
388 2721 452 2788 alia
480 2722 605 2787 retione
632 2734 664 2788 te
693 2721 771 2788 bino
796 2723 953 2790 arcebo.'’
1001 2723 1039 2789 ln
1060 2723 1166 2788 serbis
1185 2724 1283 2789 otiam

181 2843 244 2909 alia
266 2843 392 2908 restitui
415 2840 629 2933 probabiliter
659 2855 815 2933 possunt,
840 2854 877 2909 nt
898 2864 929 2912 r.
951 2864 981 2909 c.
1006 2841 1041 2920 ἢν
1064 2841 1096 2909 δὲ
1119 2852 1208 2929 ποιῇς
1231 2842 1284 2911 ἐπὶ

179 2962 272 3040 coisl'
292 2959 347 3029 ἄπ’
369 2959 452 3044 ἔχων
474 2958 585 3036 πάθος.

227 3084 285 3153 llis
309 3096 417 3150 autern
447 3082 716 3173 inscriptionibus
750 3081 922 3151 cavebatur
951 3104 992 3151 ne
1022 3083 1093 3150 locs
1125 3107 1225 3174 purus
1252 3094 1286 3151 et

181 3205 287 3274 dulcis
317 3204 470 3279 sordibus,
495 3204 672 3271 lavantium
704 3204 954 3295 inquinaretur,
979 3207 1071 3272 ouius
1106 3207 1152 3272 rei
1184 3206 1286 3295 gretia

181 3326 222 3395 de
247 3325 337 3393 fonte
355 3325 414 3392 illo
437 3322 595 3392 Arcadico
618 3326 704 3392 sama
724 3349 866 3417 sparsum
893 3338 981 3407 erat,
1007 3348 1118 3393 ornnes
1140 3328 1196 3417 qui
1218 3326 1287 3393 eius

181 3448 273 3539 aquis
297 3445 502 3526 lavarentur,
527 3447 640 3513 vinum
668 3459 867 3512 aversatoros
885 3470 964 3517 esse.
1014 3446 1094 3515 Aliis
1122 3446 1201 3514 locis
1220 3470 1285 3513 non

183 3567 394 3636 dissimilibus
418 3565 688 3634 terriculamentis
711 3568 760 3633 usi
782 3580 856 3634 sunt
880 3567 920 3633 ad
947 3566 1123 3633 monendos
1150 3568 1286 3635 viatores

183 3711 225 3756 ne
253 3709 369 3778 equam
394 3686 494 3753 fontis
524 3709 663 3754 ornarem
689 3701 722 3753 et
745 3687 857 3753 salsam
887 3698 1060 3776 potarent,
1095 3711 1178 3778 quae
1207 3700 1288 3755 tam·

183 3832 280 3901 quarn
302 3830 376 3875 vera
397 3811 501 3876 securi
526 3811 559 3876 in
584 3810 682 3876 libros
710 3831 782 3875 suos
799 3807 1022 3877 conduxerunt
1050 3810 1231 3900 Periegetae
1255 3821 1287 3874 et

184 3928 385 3997 Mirabilium
420 3940 624 3997 scrutatores.
682 3930 803 3996 Rursus
846 3928 938 3997 Solio
976 3954 1007 4000 c.
1032 3930 1152 3997 XXVI.
1188 3929 1220 3993 ἕν
1254 3928 1286 3992 δὲ

187 4051 344 4124 Σούσοις
368 4057 434 4125 πῆς
458 4051 637 4130 Περσίδος
663 4049 688 4138 ¹)
714 4047 788 4131 ὕδωρ
812 4047 888 4115 elnon
907 4051 1068 4131 λέγουσιν,
1094 4045 1186 4114 brois
1203 4048 1287 4113 πιόν-

185 4221 404 4235 m

220 4317 601 4392 ¹)Eriomvirruviusv111,
622 4323 646 4374 3.
676 4319 775 4377 fontem
796 4321 877 4391 Susis
896 4319 974 4375 fuisse
993 4327 1105 4387 narrat,
1125 4318 1201 4373 cuius
1220 4337 1288 4393 aqua
