2932 5108
637 364 812 427 ..40-

179 550 265 616 cibor
288 548 375 615 affini
406 553 611 640 parentatit,
646 553 678 616 in
702 553 793 617 onius
822 551 955 616 interitu
989 548 1050 614 boc
1084 551 1220 618 maxime
1244 573 1277 616 aa

180 669 290 737 dolere
321 673 473 761 scripsit,
506 672 593 761 quod
626 674 695 763 ipso
731 671 1096 763 corpur·=·riri-.·merliis
1123 670 1278 739 liuentibus

179 793 276 859 merri
307 814 387 883 roge
415 790 566 858 mandare
599 816 662 859 non
690 790 940 882 potuerit,·aal
972 791 1091 857 rel-aio
1109 793 1279 861 :ce-aiclori

179 934 237 979 auo
266 934 333 981 nou
357 911 528 1000 indulgere
557 912 612 978 sed
646 913 943 1004 imperare-nequa
964 923 1112 1001 :prepter
1133 912 1279 981 aliorum

178 1044 317 1104 mortem
334 1032 552 1099 aelamitarum
572 1033 657 1099 ritae
675 1031 806 1101 delicias
823 1035 986 1102 omitteres
1034 1033 1107 1100 lino
1125 1053 1278 1100 rovoran-

177 1153 237 1220 doa
267 1167 349 1246 puto
379 1176 485 1221 reram
516 1152 600 1242 apud
633 1153 844 1221 Plutarchum
867 1153 1196 1244 deludo-aponum.
1225 1158 1278 1222 12.

176 1274 277 1343 mim
298 1277 314 1343 δ
338 1275 529 1358 Ἀρχίλοχος
551 1276 608 1340 ota
635 1275 811 1342 ἐπαινεῖται
841 1275 1131 1355 λυπούμενοι-ιλιι,
1155 1273 1207 1343 iri
1235 1277 1278 1355 τῷ

177 1396 262 1479 ἀνδρὶ
282 1403 341 1473 τῆς
359 1393 504 1478 ἀδελφῆς
526 1393 740 1478 διεφθαρμένῳ
762 1395 849 1463 mci
870 1392 1148 1478 loitocrotrfclae
1160 1395 1278 1467 :tl-ac>

176 1515 289 1602 παιδιᾷ
308 1513 382 1598 πρὸς
404 1515 462 1591 rire
481 1511 586 1590 λύπην
606 1513 769 1598 μάχεσθαι
790 1515 1020 1596 διανοούμενον
1044 1516 1150 1586 eicior
1172 1516 1278 1595 μέντοι

177 1635 272 1718 λόγον
290 1635 428 1720 ἔχουσαν
451 1633 587 1717 εἴρηκεν·

267 1757 339 1827 οὔτι
358 1783 390 1827 rt
408 1758 472 1841 γὰρ
491 1757 609 1827 κλαίων
631 1758 759 1838 ἰήσομαι
782 1757 855 1825 oo're
879 1757 987 1827 κάκιον
1048 1802 1062 1829 ,·

356 1881 437 1958 laicas
460 1879 701 1963 remuneratori
725 1880 839 1955 latriae
861 1879 1015 1964 ἐφέπων(
1041 1912 1044 1917 ·

179 1999 279 2072 Certo
298 2001 350 2067 rix
370 2002 478 2090 nptias
495 2001 536 2068 ad
555 2001 705 2069 carminis
722 1998 900 2070 exordium·
911 2000 1019 2069 redire
1033 2003 1143 2091 potuit
1159 2014 1278 2092 poete,

177 2123 236 2212 qni
257 2121 348 2190 eirea
366 2124 495 2191 monuit
517 2134 555 2188 ut
583 2120 669 2190 idern
695 2121 727 2188 in
751 2121 841 2191 luctu
860 2121 979 2189 ¹alieno
1002 2122 1168 2203 lacerent,¹
1193 2123 1281 2213 quoii

177 2242 246 2332 ipsc
275 2241 339 2309 sibi
366 2242 533 2336 in-lunerc
562 2240 739 2309 domestico
761 2243 922 2333 optimum
938 2243 1030 2309 'lactu
1053 2240 1220 2321 habebar,-
1243 2257 1279 2310 ut

151 2363 293 2430 'animis
319 2386 339 2430 a
366 2375 487 2431 terrore
518 2363 680 2454 receptis,
713 2386 769 2431 sna
801 2365 941 2454 quisque
969 2365 1096 2453 negotia
1119 2363 1279 2442 obirent,

178 2484 251 2551 rino
273 2481 413 2572 aliisque
439 2481 687 2551 oblectamentis
707 2494 742 2549 et
765 2483 987 2573 rolupta'tibus
1008 2505 1100 2553 curas
1119 2482 1279 2573 pellerent

177 2604 303 2692 telique
331 2626 364 2669 se
395 2602 433 2669 ad
460 2605 560 2693 ipsius
589 2602 771 2693 exemplum
798 2613 1040 2692 componerent.
1089 2602 1159 2669 Illis
1183 2628 1280 2685 vero,

156 2725 234 2819 ‚qui
258 2722 292 2790 in
313 2723 437 2790 recenti
467 2722 656 2790 calamitatis
683 2725 838 2790 memoria
859 2737 891 2788 et
914 2723 1105 2790 dilectorum
1139 2725 1280 2817 capitum

177 2842 339 2912 desiderio
359 2842 500 2909 lacrimis
519 2844 582 2909 sibi
601 2841 758 2910 etdolori
779 2841 877 2932 plane
899 2865 964 2910 nou
987 2857 1169 2935 temperare
1189 2869 1281 2936 posse

177 2963 391 3042 ridebantur,
418 2963 504 3029 omni
525 2986 622 3053 opera
646 2962 858 3032 annitendum
883 2987 949 3032 esse
979 2966 1109 3057 scripsit
1130 2963 1282 3036 Archilo-

177 3084 276 3169 cbne,
302 3100 338 3154 nt
362 3086 475 3154 animis
493 3085 621 3154 refectis
648 3085 800 3176 omnique
825 3084 978 3153 muliebri
1003 3085 1094 3153 luctu
1126 3086 1279 3168 sublato,

177 3210 261 3276 viros
289 3207 389 3275 fortes
410 3230 444 3277 ce
464 3219 665 3300 praestarent
696 3206 797 3299 idque
825 3231 863 3274 eo
893 3208 1096 3275 contentiore
1117 3207 1225 3276 studio
1248 3225 1281 3277 et
1382 3196 1391 3210 ’

176 3331 292 3401 maiori
314 3328 424 3396 labore
447 3327 631 3396 faciendum
654 3351 721 3396 estc
742 3351 807 3419 quo
831 3327 995 3395 difficilius
1016 3325 1205 3418 hocprimo
1231 3331 1281 3396 ri·

177 3451 247 3517 deri
271 3450 371 3539 porsit
395 3449 525 3520 obtutu.
573 3451 655 3518 Nam
677 3450 867 3529 momnis,
892 3472 930 3517 ea
951 3450 1083 3539 quoquc
1103 3471 1187 3539 quae
1208 3450 1280 3525 lieri

175 3593 268 3662 posse
286 3569 442 3660 negabas,
468 3557 510 3635 ιιιΙ
526 3570 592 3659 ipsa
614 3568 694 3636 haec
719 3570 896 3637 tristissima
918 3569 1149 3659 naufragorum
1168 3595 1279 3652 mors,

177 3692 363 3767 hominibus
390 3691 559 3769 accidant,
584 3692 628 3757 ita
658 3692 699 3756 ab
734 3692 833 3758 altera
856 3704 949 3781 parte
972 3690 1057 3757 nibil
1089 3716 1158 3760 esee
1191 3696 1278 3784 quod

177 3814 274 3887 horno
298 3810 406 3883 studio
436 3825 469 3879 et
494 3813 603 3879 labore
627 3814 781 3903 consequi
816 3824 967 3907 nequeat.
1015 3812 1085 3882 Hoc
1108 3816 1195 3883 enim
1226 3836 1280 3880 or·

177 3935 252 4004 dine
283 3951 316 4005 et
340 3935 402 4009 boc
430 3935 499 4007 lere
531 3958 624 4004 sensu
655 3937 687 4002 in
722 3936 847 4023 integro
879 3936 1020 4023 carmine
1055 3961 1088 4002 se
1121 3934 1280 4026 excepisse

177 4058 325 4125 ridentur
347 4058 413 4129 duo
435 4056 610 4127 hexametri
1096 4032 1098 4039 Ι

270 4175 379 4244 πάντα
401 4179 487 4263 τύχη
512 4177 564 4247 uui
589 4185 682 4261 μοῖρα
705 4179 869 4261 Περίκλεις
888 4179 971 4265 civici
995 4175 1132 4251 δίδωσιν,

176 4300 375 4375 altescere:
410 4346 413 4351 -
