2932 5108
641 391 822 453 ..31...

187 574 502 670 epigrammamulto
526 574 725 643 emendatius
747 576 779 641 in
812 574 1025 666 Anthohogiae
1052 576 1162 644 codiee
1181 597 1276 668 quam

186 701 218 766 in
240 697 397 768 Athenaei
417 696 508 763 libris
528 695 660 786 legitur.
683 695 779 763 lilino
791 696 921 763 areumei
941 692 1150 779 auxitiante
1174 719 1221 768 re.
1237 701 1277 777 1.

186 844 233 892 re.
262 824 282 886 2
322 818 405 887 οὐδὲν
426 817 466 885 άυ
488 856 535 869 -
557 816 655 902 σοφόν
686 832 718 886 et
751 824 845 885 veh
879 817 995 885 ὠδώδει.
1044 817 1141 909 Apud
1174 818 1279 888 etha·

185 963 297 1008 naeum
320 941 438 1031 iegitur
465 939 571 1020 μέγοος
596 936 713 1014 ἵππος,
748 961 794 1010 νο.
814 942 834 1005 2
865 938 1000 1021 χρηστὸν
1022 936 1105 1006 οὐδὲν
1128 936 1168 1004 άν
1185 939 1220 1004 π’.
1246 951 1281 1006 et

185 1085 231 1130 νε.
250 1066 271 1130 t
293 1060 424 1135 άδονδάς.
462 1060 591 1128 interra
613 1060 682 1126 vioe
702 1082 739 1126 er
768 1057 934 1128 Athenaeo
966 1059 1041 1126 dedi
1076 1083 1121 1130 ee.
1142 1063 1162 1128 3
1184 1059 1279 1127 τοῦτ’

184 1181 293 1262 ἔλεγεν
316 1204 377 1272 pro
398 1187 485 1250 τοῦτ’
507 1179 619 1260 ἔλεγεν
644 1184 678 1247 in
708 1180 809 1249 anth.
839 1195 872 1248 et
899 1181 998 1257 τέκοις
1023 1184 1110 1251 enh
1144 1204 1204 1272 pro
1226 1181 1278 1249 τά·

183 1327 251 1380 κον,
284 1324 380 1394 quam
414 1303 558 1370 vitiosam
588 1302 760 1370 tectionem
792 1305 953 1392 corrigere
984 1302 1193 1391 neglexerant
1218 1301 1279 1368 riri

182 1423 283 1495 doeti.
331 1423 535 1492 Adieotieum
564 1422 661 1506 σοφόν
681 1423 912 1513 ορῐίοοίνιυοι,
928 1423 1074 1513 ineptum
1104 1444 1180 1490 vero
1199 1445 1278 1505 χρυ-

183 1541 266 1611 eabe.
315 1542 411 1615 Vno
440 1540 526 1633 apud
549 1541 752 1612 Athenaeum
776 1543 821 1610 ita
847 1544 987 1634 eeriptue
1017 1555 1085 1612 aeta
1119 1542 1278 1626 τοιγάρτοι

181 1661 347 1748 στεφάνων
378 1662 468 1746 δόμος
499 1662 619 1747 ἔβρυεν.
668 1661 732 1733 Sed
766 1664 894 1732 oodioea
922 1666 1094 1748 τοιγαροῦν.
1142 1666 1280 1755 Propter

181 1780 271 1863 δυ’μος
296 1785 615 1875 Iaeobsiue'reripsit
637 1782 755 1868 μέγαρ’
778 1783 886 1869 ἔβρυεν
907 1807 965 1876 pro
982 1784 1118 1853 ,eudioie
1139 1784 1278 1854 Palatini

180 1903 340 1973 tertione:
364 1907 470 1987 μάγοις
490 1905 619 1991 ἔβρυεν,
644 1905 699 1975 aad
720 1904 852 1976 domum
872 1919 987 1996 poetae
1005 1905 1059 1973 hio
1079 1907 1184 1974 minuo
1203 1920 1279 1999 apte

181 2026 352 2095 memorari
371 2030 434 2096 iam
450 2028 491 2095 ab
512 2028 585 2096 aiiio
602 2030 774 2100 monitum.
821 2029 1001 2098 Meinahiue
1019 2028 1144 2098 Deleot.
1165 2027 1276 2119 Epigr.

181 2170 216 2237 p.
229 2154 305 2219 teo.
330 2151 513 2218 eoniunetir
532 2148 751 2241 Anthologiae
768 2163 801 2216 et
813 2148 971 2218 Athenaei
987 2150 1180 2218 lectionibue
1198 2152 1279 2217 aori·

181 2267 324 2337 bendum
338 2272 495 2342 aenieeitr
518 2272 631 2354 τοιγάρ
654 2271 714 2339 ὑπὸ
733 2268 902 2353 στεφάνοις
913 2269 1011 2348 δέμοις
1031 2269 1149 2353 ἔβρυεν.
1175 2271 1280 2360 equi·

181 2390 254 2458 dem
279 2391 476 2460 redeundum
499 2393 630 2482 putoad
644 2391 840 2458 sanissimam
861 2389 981 2457 codicis
1003 2391 1195 2459 laetionema
1220 2391 1277 2470 μὲ-

182 2532 246 2588 γος
269 2509 395 2592 ἔβρυεν,
421 2510 556 2600 reliquie
580 2510 792 2599 tenerrimis:

272 2629 384 2711 τοίγοιρ
402 2628 454 2695 ἐπὶ
471 2627 647 2712 στεφάνους
670 2628 777 2708 μάγοις
797 2626 928 2712 ἔβρυεν,
953 2625 1023 2711 εἶχε
1043 2627 1075 2695 δὲ
1094 2629 1187 2710 errori

360 2751 503 2830 μέτυπον
520 2744 629 2830 οἷάπερ
651 2749 690 2816 οὺ
713 2749 944 2830 κεκροκωμένον.

181 2868 230 2936 lte
262 2869 364 2942 Anth.
394 2870 485 2941 Plan.
512 2874 568 2940 Μ.
593 2875 627 2941 t.
662 2868 792 2947 πνδιὶοει
815 2867 910 2952 τάχος
927 2869 1051 2950 xenaia
1075 2871 1127 2936 ἐπὶ
1147 2871 1275 2954 στέφος.

182 2990 325 3058 Primum
348 2992 434 3058 enim
464 2993 586 3058 mentio
607 2988 753 3058 facienda
772 3002 840 3057 erat
861 2990 990 3056 uirtutis
1009 2993 1176 3081 poeticae,
1201 2992 1278 3058 bea·

183 3122 234 3178 tna
255 3111 373 3200 ingenii
404 3132 528 3189 venae,
561 3111 733 3200 largaeque
754 3107 944 3177 iaoatiarum
969 3112 1081 3200 aopiae
1104 3133 1184 3201 quaa
1203 3113 1278 3177 rino

176 3228 330 3319 ¹debuerit
350 3230 473 3299 eeiiioet
496 3230 643 3300 Cratinus
663 3242 696 3297 et
717 3229 847 3297 demum
869 3242 942 3320 poet
965 3228 1044 3299 haee
1073 3231 1278 3299 memoranda

182 3350 312 3416 viatoria
333 3366 438 3442 parta.
484 3351 595 3420 Priore
622 3350 807 3440 complexus
830 3362 877 3416 est
902 3363 996 3441 poeta
1023 3352 1146 3422 verbio:
1170 3353 1278 3434 μέγοις

182 3467 312 3550 ἔβρυεν,
338 3494 421 3560 quae
448 3473 608 3561 aptissima
632 3469 672 3538 de
694 3470 827 3538 Cratino
856 3472 913 3560 qui
934 3494 1023 3539 mero
1048 3474 1190 3542 irritatur
1209 3486 1278 3540 tnr-

182 3591 283 3655 rentie
312 3592 376 3659 ritu
396 3589 628 3680 prorumpebat
649 3604 681 3657 et
700 3594 772 3658 uiuo
790 3593 916 3681 gurgite
938 3592 1119 3659 exundabat
1138 3593 1279 3684 indeque

183 3730 334 3776 coronam
348 3713 526 3802 praemium
544 3711 669 3780 retulit.
716 3710 873 3802 Compara
894 3711 1119 3802 Aristophanis
1140 3713 1180 3781 de
1199 3712 1279 3782 Cra·

184 3831 252 3897 tino
282 3852 389 3897 verone
421 3833 504 3921 qu.
526 3834 592 3899 ate
617 3855 689 3923 sqq.
725 3844 757 3899 et
786 3833 885 3921 ipsiuo
910 3830 1034 3899 Cratini
1063 3833 1276 3922 fragmentum

182 3948 324 4017 eiuadem
356 3948 508 4028 fabulae,
540 3975 578 4018 er
601 3975 666 4042 qua
689 3975 817 4023 aereus:
853 3949 928 4034 ὕδωρ
949 3951 982 4020 δὲ
1006 3954 1099 4021 πίνων
1127 3953 1211 4020 οὐδὲν
1238 3951 1277 4019 άν

182 4069 278 4146 τέκοις
303 4070 420 4155 σοφόν,
447 4070 562 4138 duetus
584 4087 651 4155 eet,
675 4073 760 4166 apud
783 4070 895 4144 Sahal.
920 4075 977 4142 Ar.
1004 4075 1086 4162 iiqq.
1112 4072 1136 4142 Ι.
1158 4095 1187 4142 c.

316 4189 399 4271 άυοιξ
418 4195 602 4268 Ἄπολλον,
628 4200 688 4261 τῶν
711 4196 791 4261 ε’πῶυ
813 4200 873 4261 τῶν
895 4192 1077 4277 ρἐυμάτιου·

318 4320 492 4398 κοινοιχοῦοι
517 4315 640 4394 πκγοά,
664 4314 899 4398 δωδεκάκρουνον
922 4314 957 4380 τὸ
979 4313 1106 4392 οπάμοι,
