2932 5108
625 362 816 423 -tte-

226 550 284 616 llis
315 547 419 613 rcrbis
450 545 596 612 redditur
629 549 712 611 sntio
744 546 913 611 rcrhoruur
947 569 1224 635 praegressoruru:
1249 552 1275 613 ci

179 669 370 747 πολύοινος,
395 678 427 733 et
450 666 653 756 sequentium
685 667 770 756 quod
792 667 952 735 Mercurio
986 667 1147 738 hreodurn
1176 670 1277 759 potis-

179 792 294 857 simum
316 789 487 879 agrestium
516 786 577 854 deo
606 786 694 854 hune
714 811 845 878 coprurn
870 787 1087 855 dedicaverint
1109 802 1274 880 pestores3

179 907 229 977 cic
252 912 416 1000 igiturest
438 903 488 979 oiri
511 932 567 983 σε,
601 912 692 973 euius
729 931 801 974 usus
828 908 972 998 exemplo
1003 907 1077 975 dedi
1110 911 1141 975 in
1174 912 1277 1000 Epist.

181 1031 264 1102 cris.
288 1029 407 1099 Philol.
435 1032 534 1100 1850.
559 1052 593 1117 p.
620 1033 697 1098 425.

223 1151 391 1220 Theocriti
418 1172 500 1240 quoe
522 1149 639 1239 legitur
666 1151 835 1240 inscriptio
860 1153 902 1220 h.
926 1150 962 1217 P.
986 1152 1059 1231 IX,
1087 1155 1164 1220 598.
1191 1150 1277 1219 houd

180 1273 279 1341 dubie
300 1273 360 1363 ipsi
382 1272 450 1338 besi
474 1282 596 1336 stotuae
615 1270 746 1359 publice
768 1272 888 1337 Camiri
907 1272 938 1337 in
962 1270 1116 1339 honerern
1136 1271 1282 1339 Pisuudri

181 1395 374 1464 Gumirensis
392 1394 513 1482 positae
531 1393 630 1457 incise
653 1391 735 1470 tuit,
761 1394 846 1481 quod
872 1393 948 1482 ipsis
971 1394 1189 1483 inscriptionis
1209 1416 1279 1460 rer·

181 1518 229 1584 bis
249 1518 421 1585 docemur:

359 1636 421 1701 Τὸν
444 1640 486 1700 τῶ
507 1633 604 1707 Ζοονὸς
627 1630 672 1698 δ’δ’
690 1633 789 1713 ὔμμιν
812 1634 875 1701 οἷον
897 1636 972 1715 ὡνὴρ

359 1758 411 1821 σὸν
434 1753 683 1836 λενοντομοὶχονν,
705 1755 758 1821 σὸν
776 1754 926 1839 ὄξύχεοροο

359 1880 476 1958 πρῶτος
499 1882 559 1942 σῶν
582 1874 719 1943 ἐσοὶνοθε
740 1882 928 1957 μονσοσοοῶν

361 1996 544 2078 Πείσανδρος
570 1996 769 2080 σονέγροοψεν
790 2001 844 2065 ei'x
868 2002 1021 2082 Κομείρον

361 2117 482 2199 χῶσονς
502 2114 685 2194 ἐξεπόνησεν
708 2114 771 2185 εἶπ’
791 2118 941 2193 οὶὲθλονς·

360 2244 467 2306 τοῦτον
489 2238 517 2305 δ’
536 2238 631 2307 αὐτὸν
654 2238 807 2319 divinoe,
831 2242 872 2315 ὥς
895 2239 977 2324 nte'
997 2240 1100 2325 εἰδῇς,

361 2360 470 2427 ἔστονσ’
493 2358 598 2425 ἐνθάδε
614 2359 755 2441 χάλκεον
773 2364 936 2439 ποιήσοις

360 2487 489 2554 πολλοῖς
514 2478 612 2559 μοοσὶν
631 2478 737 2547 ὄπισθε
758 2483 942 2558 κῆνοοοοσοῑς.

180 2603 218 2670 ln
244 2622 329 2691 quc,
353 2614 390 2667 ut
414 2600 546 2668 disiecti
573 2622 685 2667 norme
714 2611 863 2681 constet,
895 2601 1009 2691 scripsi
1037 2625 1083 2669 rs.
1108 2606 1139 2671 3.
1164 2604 1283 2685 πρῶτος

180 2747 241 2814 pro
267 2728 403 2804 πρῶτος,
429 2738 462 2787 et
487 2743 535 2788 rs.
553 2726 586 2789 5.
610 2718 794 2797 ἐξεπόνησεν
814 2744 874 2809 pro
894 2719 1090 2800 ἕξεσόνοοσεν.
1140 2722 1190 2791 dd
1212 2745 1284 2793 rer·

180 2846 220 2912 bn
247 2846 286 2919 ὥς
310 2841 392 2927 σάφ’
420 2842 500 2927 εἰδῇς
527 2842 640 2908 confer
668 2840 833 2909 Theocriti
867 2843 919 2912 td.
938 2842 1018 2923 XV,
1043 2848 1100 2914 91.
1130 2847 1171 2920 ὥς
1200 2844 1282 2929 εἰδῇς

180 2965 233 3033 uui
263 2970 376 3043 τοῦτο,
406 2965 555 3047 Κορίνθιον
585 2965 671 3046 εἰμές
704 2962 826 3033 ἄνωθεν.
880 2966 1033 3033 Erinnnnr
1068 2966 1110 3036 A.
1134 2968 1171 3037 P.
1194 2968 1281 3046 v11‚

181 3088 261 3159 710.
286 3086 319 3156 6.
353 3085 433 3169 χῶτι
462 3084 551 3165 γένος
586 3084 715 3162 Tertia,
747 3088 787 3161 ὡς
823 3085 949 3155 eliciunt.
997 3086 1036 3156 lu
1065 3109 1110 3158 rs.
1133 3092 1166 3159 7.
1196 3087 1282 3156 mele

180 3229 232 3274 me
251 3205 350 3274 hehet
369 3206 472 3275 dictio
491 3211 636 3289 χαλκοῦν
651 3212 749 3272 ποιεῖν
768 3203 856 3281 rud,
881 3228 1021 3273 aereum
1041 3207 1157 3277 alicui
1176 3230 1284 3297 pcne-

180 3353 220 3396 re
241 3338 406 3395 statuam.
433 3326 546 3418 Neque
569 3326 769 3418 prebendam
791 3328 971 3416 putaverim
996 3328 1115 3398 Greeiii
1133 3339 1167 3401 et
1186 3328 1282 3401 Wei-

181 3452 271 3517 cheri
293 3449 483 3516 sententium
504 3450 561 3536 qui
581 3448 613 3515 in
627 3469 673 3515 rs.
684 3450 740 3517 22.
766 3447 876 3538 Epigr.
889 3446 971 3536 Syll.
991 3473 1028 3517 n.
1050 3452 1128 3518 tet.
1152 3472 1187 3539 p.
1201 3453 1282 3522 210.

183 3574 262 3641 238.

316 3694 449 3773 χρυσοῦν
472 3691 608 3768 πονήσεις
630 3689 773 3773 χρησμὸν
792 3691 969 3772 ε’σοσοχῖεν,
993 3690 1083 3773 Φίλε.

184 3812 394 3904 interpretati
425 3828 498 3880 sunt
529 3836 615 3881 »sne
636 3814 670 3879 in
696 3812 806 3879 tabule
836 3833 931 3880 sures
960 3812 1093 3880 inscribi
1117 3812 1286 3899 iubebis&

183 3932 277 4022 Quod
299 3932 349 3999 rel
369 3946 502 4022 propter
522 3955 699 4022 pronomen
717 3930 760 4011 μέ
782 3930 934 3999 omissum
956 3930 1204 4021 repudiandum.
1240 3932 1282 4000 lit

183 4060 215 4123 in
250 4053 414 4123 Theocriti
436 4053 507 4118 loeo
531 4054 782 4144 exspectaveris:
807 4048 1033 4131 πονησάμενος,
1059 4073 1160 4141 quum
1182 4051 1283 4121 medii

185 4177 373 4244 forincesis
398 4178 439 4241 sit
465 4174 611 4243 »iubere
637 4176 738 4265 poni,
765 4173 944 4265 ponendam
970 4194 1081 4239 curere
1105 4177 1282 4246 statuam.”

184 4298 293 4365 hloiim
318 4299 437 4387 igitur:
