2932 5108
659 382 816 444 ..4-

186 571 325 634 ticorum
347 588 441 657 opero
463 587 572 632 rursus
598 567 629 632 in
658 588 757 634 noum
780 567 886 634 locum
912 563 1089 631 rerocendu
1112 578 1186 632 sunt
1202 615 1211 645 ‚
1227 565 1288 633 'id-

188 709 252 777 que
275 685 493 753 in'nonnullis
522 685 656 753 inferius
687 687 764 758 ieci.
811 685 905 774 Quod
926 686 1058 753 sirecte
1081 683 1201 753 iactum
1220 704 1288 754 esse

187 809 348 876 constabit
374 822 406 876 et
432 810 561 898 insuper
591 807 773 877 luculenter
802 808 1055 876 demonstratum
1078 807 1142 873 erit
1164 806 1290 898 Gephe-

186 931 249 997 lem
277 930 412 997 erbitrio
444 931 544 1019 mepis
568 950 665 1020 quern
697 944 785 998 certe
813 953 924 998 norme
955 951 1059 997 usum·
1075 927 1289 996 diversissime

185 1053 366 1141 promiscue
398 1050 569 1130 habuisse,
606 1054 768 1119 neminem
797 1065 990 1142 negaturum
1029 1051 1145 1141 opinor
1178 1050 1288 1145 luturo

185 1171 321 1252 editori,
343 1174 399 1263 qui
416 1174 530 1240 instem
544 1173 762 1262 Antbolopiee
779 1174 955 1241 editionem
973 1185 1007 1240 et
1026 1173 1131 1241 doctis
1143 1170 1286 1243 bebilsm

184 1306 217 1359 et
241 1291 446 1359 eruditorum
467 1293 539 1358 usui
561 1291 835 1359 accommodatum
865 1291 1078 1359 edornetnrus
1100 1292 1140 1358 eit
1157 1340 1166 1369 ,
1186 1312 1286 1381 repu-

184 1412 337 1481 diendnm
356 1430 427 1481 'esse
459 1412 605 1481 ordinem
640 1414 825 1481 institutum
855 1414 896 1480 eb
917 1413 1178 1503 antiquioribus,
1204 1411 1289 1487 (leu-

188 1537 330 1602 strmtino
354 1533 496 1626 (lepbels
521 1547 553 1603 et
576 1535 715 1602 Maximo
738 1533 906 1614 Plenude,
929 1547 962 1601 et
984 1536 1068 1601 inter
1092 1533 1288 1601 recentiores

184 1656 412 1735 nBrunckio‚
446 1655 502 1744 qni
532 1666 714 1744 temporum
737 1655 876 1720 rationes
916 1667 1044 1723 secutus
1074 1653 1160 1721 hond
1187 1653 1287 1721 dubie

183 1777 404 1866 optinendum
427 1775 607 1864 superiores
631 1776 864 1865 epigrammate
884 1774 1057 1854 discrevit,
1082 1775 1147 1841 suis
1168 1774 1287 1862 cuique

182 1912 296 1986 postne
319 1896 516 1963 omninibus
538 1895 684 1965 tributis.
730 1895 793 1962 Sed
819 1918 859 1963 ne
883 1895 1086 1986 sicquidem
1110 1895 1283 1985 sntispro·

181 2030 326 2105 spectum
338 2031 398 2083 ‚est
417 2038 457 2082 ne
477 2016 616 2083 lectores
633 2016 754 2082 noritis
777 2017 948 2084 verborum
970 2016 1206 2104 significatione
1225 2014 1284 2083 de·

182 2139 267 2226 cepti
288 2151 321 2205 et
342 2139 386 2205 its
406 2156 550 2205 soterum
576 2149 743 2227 poetarum
767 2139 925 2205 rationem
949 2137 989 2205 ed
1012 2137 1188 2206 bodieroee
1206 2158 1286 2205 con·

181 2259 361 2327 suetudinis
393 2281 537 2325 normem
570 2261 712 2325 eiecturi
742 2259 845 2326 eliens
874 2261 982 2327 omniu
1004 2260 1282 2350 Epigrammntum

182 2381 286 2468 poetis
308 2381 436 2449 Graccis
467 2380 626 2446 tribuent.
674 2381 719 2447 tt
739 2377 789 2446 his
818 2380 954 2447 merime
976 2379 1203 2469 praeiudicctis
1224 2380 1286 2447 im·

179 2504 357 2590 peritorum
376 2480 586 2590 opinionibus
602 2498 644 2564 nb
662 2499 788 2566 editore
807 2497 933 2566 obviem
955 2498 1096 2569 eundum
1116 2510 1176 2566 est.
1201 2494 1283 2567 Nem

181 2621 300 2686 centies
321 2620 398 2685 licet
417 2619 602 2682 monuerint
623 2617 742 2683 eruditi
763 2629 910 2683 veterum
927 2620 1047 2707 scripte
1067 2617 1289 2704 oequeplene,

181 2738 317 2825 intelligi
347 2748 560 2825 neqnc.recte
579 2734 752 2802 diiudicari
781 2758 872 2824 posse
903 2735 964 2799 nisi
993 2735 1034 2799 ob
1060 2756 1098 2800 eo
1124 2736 1182 2822 qui
1213 2737 1282 2800 ueri

180 2861 228 2925 sni
258 2858 524 2924 consuetudinem
555 2856 650 2946 plone
682 2855 829 2930 eruerit,
864 2876 928 2920 non
957 2851 1140 2919 mirandum
1173 2865 1288 2921 temen

179 2980 286 3070 piures
306 2982 452 3047 inuentos
471 3001 537 3044 esse
558 2979 614 3067 qni
633 2975 694 3042 boc
714 2975 899 3042 iaciendum
918 2998 984 3041 esse
996 2987 1164 3043 monerent
1182 2997 1279 3064 quem

181 3102 239 3191 qui
253 3122 363 3168 rererr
385 3091 596 3190 perfecerint.
642 3098 700 3164 list
721 3096 806 3162 enim
830 3094 909 3161 hoec
929 3117 977 3162 res
999 3116 1062 3161 non
1084 3095 1217 3170 minimi
1232 3096 1279 3163 lo·

180 3221 285 3300 boris,
310 3244 406 3312 quem
427 3217 608 3311 pancissimi
628 3217 798 3286 exhaurire
821 3215 939 3284 velent.
986 3218 1060 3283 Jem
1084 3239 1180 3295 rero,
1206 3218 1279 3283 uni·

179 3366 266 3409 verso
287 3342 481 3431 lotbologis
499 3342 537 3407 ed
556 3363 627 3407 eom
648 3362 744 3429 quern
760 3337 857 3405 modo
872 3337 1096 3405 commendari
1122 3339 1278 3405 rationem

179 3464 338 3554 descripte
351 3511 361 3543 ‚
395 3474 432 3529 nt
455 3461 578 3528 direrse
608 3462 740 3527 seorsim
764 3460 932 3548 legantur,
968 3457 1096 3525 similin-
1116 3481 1191 3525 roro
1214 3480 1277 3525 uno

178 3599 311 3662 tenore,
336 3585 441 3674 primo
460 3584 567 3648 stetim
593 3581 749 3671 adspectu
772 3580 944 3646 discrimen
975 3576 1144 3649 manifesto
1167 3598 1279 3644 cerno·

179 3719 233 3772 tur
251 3719 284 3771 et
302 3716 420 3796 sponte
438 3705 470 3770 in
492 3688 602 3770 oculos
624 3698 1038 3769 incurret-diversissimum
1059 3697 1156 3764 fuisse
1172 3697 1278 3765 Gree-

179 3848 291 3893 corum
307 3839 474 3916 posterum
493 3825 525 3888 in
547 3821 596 3888 bis
618 3819 815 3888 carminibus
834 3815 1075 3885 conscribendis
1094 3817 1276 3883 institutum

178 3946 220 4019 eb
249 3969 307 4012 usu
335 3947 589 4012 recentiorum·
620 3946 662 4020 Et
691 3945 796 4032 ipsum
830 3940 894 4006 hoc
923 3938 1079 4003 lectorum
1113 3940 1214 4003 menti
1242 3939 1276 4004 in

177 4066 400 4156 perlustrando
430 4063 624 4153 Anthologie
654 4065 783 4152 penitus
815 4060 945 4127 insitum
973 4071 1005 4125 ot
1029 4060 1121 4148 quasi
1155 4059 1276 4124 inscul-

176 4200 269 4278 ptum
291 4182 397 4253 velim.
443 4184 574 4252 Scilicet
593 4207 630 4251 er
652 4207 717 4273 quo
740 4183 864 4250 iuvenis
884 4180 965 4246 hanc
986 4180 1149 4245 literarum
1175 4181 1275 4248 Gree-

177 4330 286 4375 corum
307 4318 432 4398 portem
455 4306 547 4397 attigi
570 4320 602 4374 et
624 4307 804 4374 accuratius
826 4303 906 4372 mihi
927 4300 1132 4393 spectandam
1154 4303 1273 4378 semsi,
