2932 5108
628 336 832 402 -159-

187 521 282 589 nidae
304 524 390 591 enim
416 523 612 614 epigramma
641 521 814 589 simulacro
836 524 930 593 Panis
953 523 1171 615 subscriptum
1195 520 1288 591 Lati·

186 666 227 713 ns
249 644 408 711 conuertit
432 642 621 733 Propertius
641 641 713 722 111,
741 646 795 714 ll.
822 648 877 713 tl.
902 644 1070 736 complura
1090 644 1153 711 alia
1178 644 1287 711 imita·

186 765 275 834 tione
288 788 432 857 expressa
451 762 664 832 reddiderunt
680 765 736 832 alii
748 767 1015 857 epigrammatum
1037 777 1173 857 poetae,
1198 763 1287 857 quod

186 887 218 953 in
242 886 305 955 hoc
327 909 391 954 uno
417 897 514 978 poeta
537 886 724 978 saepissime
748 887 869 956 iactum
895 888 1014 959 rideas.
1062 887 1110 956 Ila
1134 884 1288 955 Callima-

183 1006 247 1075 cho
284 1007 370 1077 idem
408 1018 535 1075 constat
566 1030 603 1075 er
638 1007 745 1075 serbis
779 1006 878 1076 Plinii
906 1007 1010 1099 Epist.
1031 1005 1091 1076 Π.
1117 1011 1152 1076 3.
1200 1006 1287 1075 »lta

183 1142 270 1199 certe
297 1152 369 1198 sum
393 1129 535 1197 relectus
567 1130 659 1221 ipse,
690 1150 765 1202 cum
793 1130 914 1198 Graeca
949 1131 1179 1221 epigrammata
1207 1139 1286 1211 tua,

183 1273 257 1320 cum
279 1252 403 1321 iambos
420 1250 467 1320 ibi
485 1252 632 1342 proxime
654 1248 816 1342 legersmt
841 1263 999 1343 quantum
1029 1250 1079 1317 iti
1101 1250 1289 1317 humanita-

183 1374 244 1454 tir,
277 1374 475 1441 venustatisl
500 1395 598 1466 quam
622 1371 732 1439 dulcia
764 1371 844 1449 illa,
875 1395 972 1464 quam
999 1372 1157 1463 antiqua,
1188 1392 1286 1463 quam

182 1507 317 1586 arguta,
340 1518 439 1587 quam
468 1498 575 1563 acatal
602 1492 838 1564 callimachum
861 1519 914 1563 me
934 1493 986 1562 tel
1008 1493 1172 1563 llcrodam
1192 1490 1244 1560 ael
1259 1491 1287 1561 si

181 1615 259 1707 quid
281 1616 331 1684 lais
351 1614 492 1699 melius,
517 1628 627 1683 tenere
651 1614 863 1684 credebam.''
888 1613 1046 1686 Martialis
1064 1613 1134 1696 IV,
1159 1616 1217 1695 23.

318 1734 403 1803 llum
427 1748 463 1802 tu
488 1733 574 1802 lenta
599 1736 696 1802 nimis
719 1735 842 1827 diuque
866 1737 994 1827 quaeris

315 1858 374 1949 qui
396 1857 521 1949 primus
545 1855 608 1924 tibi
632 1858 745 1948 quisve
768 1858 811 1925 sit
832 1856 993 1925 sccundus

315 1978 449 2045 Graium
471 1982 585 2068 quisse
607 1978 814 2067 Epigramma
836 1978 1039 2069 comparabit

315 2096 455 2189 palmam
479 2096 698 2167 Callimachus
721 2097 835 2166 Thalia
856 2097 898 2167 de
919 2122 955 2167 se

315 2218 456 2287 facundo
479 2218 571 2287 dedit
594 2220 664 2310 ipso
686 2220 858 2289 Brutiano.

318 2339 429 2426 Quiri
454 2338 613 2431 Cecropio
636 2353 724 2407 satur
747 2341 859 2431 lepore

316 2458 479 2527 Romanae
501 2459 567 2527 sals
589 2460 703 2526 luserit
726 2460 890 2527 Mineruae

317 2576 367 2645 illi
389 2600 442 2648 ms
465 2579 564 2647 iacias
587 2600 703 2670 precor
727 2577 918 2649 secundum.

180 2700 222 2767 tta
238 2720 313 2767 sans
337 2699 364 2768 si
386 2712 519 2792 propter
539 2722 696 2768 summam
721 2702 755 2767 in
779 2696 974 2768 celebrando
993 2699 1136 2769 facinore
1159 2700 1285 2792 magni·

179 2820 243 2887 lico
266 2820 508 2913 simplieitatem
542 2846 669 2891 summo
691 2824 762 2890 iure
783 2820 979 2890 admiramur
997 2823 1195 2913 epigramma
1220 2844 1284 2915 pu·

181 2942 301 3009 blicam
325 2941 500 3011 Simonidis
519 2944 552 3010 in
573 2944 747 3036 Spartanos
770 2946 804 3012 in
817 2943 1043 3035 Thermopylis
1066 2945 1185 3013 occisos
1204 2966 1284 3013 con·

179 3065 335 3156 scriptum
352 3063 434 3133 hou:

269 3182 291 3251 ὦ
313 3183 389 3264 ξεῖν’
411 3185 588 3267 ἀγγέλλειν
611 3185 869 3267 Λακεδαιμονίοις
893 3184 941 3254 ὅτε
963 3184 1040 3271 τᾷδε

361 3308 492 3387 κείμεναι
513 3314 580 3383 τοῖς
603 3308 707 3374 κείνων
730 3308 846 3390 ῥήμασι
870 3305 1066 3388 πειθόμενοι,

181 3426 257 3494 lruic
287 3449 473 3519 comparare
502 3429 605 3496 ausim
631 3429 664 3494 in
687 3427 815 3498 diverso
836 3453 953 3520 genere
977 3428 1170 3499 Callimachi
1190 3427 1282 3497 disti·

181 3544 290 3616 chon:

269 3665 419 3745 δωδεκὲεν
441 3669 495 3737 τὸν
517 3669 620 3739 παῖδε
642 3672 748 3753 πατὴρ
770 3670 908 3749 ἀντέθηκε
932 3671 1088 3747 Φίλιππος

361 3788 466 3859 ἐνθάδε
488 3794 545 3869 τὴν
566 3794 690 3869 πολλὴν
713 3793 830 3861 taxos
852 3791 1026 3868 Nraorltns

181 3910 222 3981 Α.
245 3911 282 3979 P.
305 3910 392 3990 Vll,
418 3916 496 3980 453.
519 3926 552 3979 ct
576 3935 607 3983 c.
631 3919 709 3983 451.

268 4032 347 4119 τᾷδε
370 4030 462 4101 Σάων
484 4032 500 4099 ὅ
523 4034 656 4111 Alcimus
679 4036 839 4112 Ἀκάνθιος
861 4036 939 4121 ἱερὸν
962 4034 1056 4103 ὕπνον

362 4159 531 4236 κοιμᾶται·
555 4154 695 4223 induaris
717 4160 763 4239 μὴ
786 4158 865 4239 λέγε
888 4158 959 4231 τοὺς
982 4153 1133 4237 dyocletis.

181 4273 231 4341 lta
264 4278 485 4347 tristissimum
525 4292 572 4346 cst
602 4280 798 4370 epigramma
839 4284 871 4346 in
905 4278 1103 4347 Heraclitum
1141 4274 1282 4345 amioum
