2932 5108
640 358 817 419 ...62-

177 546 383 639 proloquitur
412 554 527 634 poeta,
553 542 770 611 ιιο11οιιιοοιο
792 564 867 610 cum
887 541 990 611 llebili
1014 553 1123 611 cantu.
1171 544 1278 630 Quum

177 668 277 757 igitur
297 678 405 757 postea
426 662 536 742 iterur
556 674 590 731 et
612 664 744 743 ἐλεγεῖον
765 676 930 754 poetarum
952 684 1012 730 usu
1033 662 1118 730 idem
1136 663 1280 732 valerent

177 802 210 854 at
229 787 414 877 promiscue
446 784 701 865 edhiberentur,
726 784 780 852 sed
801 785 951 876 primitus
972 784 1207 875 significatione
1227 783 1280 852 di·

177 909 356 975 rarsisaima
383 920 511 987 essent,
545 906 638 973 anxia
667 905 872 999 trepidarunt
892 906 1094 996 grammatici
1125 920 1161 972 ut
1196 904 1280 973 hanc

176 1053 260 1121 quae
282 1031 357 1120 ipsis
381 1027 549 1096 ridebatur
568 1028 815 1119 repugnantiam
838 1028 990 1095 tollerent
1013 1040 1045 1094 ot
1067 1048 1167 1118 quum
1188 1027 1280 1096 sida·

177 1164 249 1219 rent
269 1151 386 1218 eruditi
409 1150 530 1218 nullius
549 1161 775 1239 argumentum
798 1148 936 1237 elegiae,
958 1170 1041 1240 quae
1064 1147 1194 1238 quidem
1219 1147 1279 1215 ho·

177 1274 300 1339 minum
318 1270 465 1337 manibus
486 1280 667 1347 tereretur,
694 1268 831 1358 lugubre
854 1291 942 1347 aare,
965 1269 1051 1359 ipsos
1077 1269 1173 1348 illos,
1198 1291 1280 1360 quoa

177 1394 341 1484 principes
364 1413 431 1458 esse
452 1391 591 1458 vidimus
611 1389 827 1482 elegiacorum
857 1391 1035 1458 carminum
1057 1403 1190 1481 poetas,
1215 1392 1279 1458 iam

178 1526 367 1606 argumento
387 1513 512 1581 diverso
530 1511 593 1581 hoc
619 1524 760 1579 metrum
778 1511 963 1579 adhibuisse
983 1524 1178 1581 statuerunt.
1212 1511 1280 1579 dlii

179 1657 255 1703 raro
278 1633 315 1701 ad
334 1634 558 1725 inscriptiones
582 1631 792 1723 sepulcrales,
818 1632 904 1700 nuda
923 1633 1168 1722 explicationem
1187 1644 1280 1724 pete·

178 1767 270 1837 rent,
296 1755 513 1846 confugerunt
538 1753 637 1843 idque
657 1764 765 1833 recte,
790 1766 826 1818 ut
844 1749 926 1820 milri
947 1752 1087 1821 ridetur.
1134 1754 1278 1840 Quorum

179 1878 370 1946 sententiam
394 1875 550 1966 explicuit
573 1876 737 1943 Horatius.

223 1999 288 2068 Sed
309 2010 346 2066 nt
362 1996 476 2067 eodem
499 1994 738 2088 regrediamur,
763 2017 801 2063 ex
820 2017 885 2087 quo
908 1996 1012 2061 omnia
1035 1993 1114 2062 liaeo
1133 1994 1279 2086 disputa·

181 2122 226 2187 tio
249 2142 348 2211 quam
376 2118 539 2186 declinare
566 2140 631 2185 non
660 2118 846 2209 potuimus,
884 2116 978 2183 nobia
1004 2114 1180 2207 produxit,
1212 2116 1280 2185 ele·

180 2242 279 2330 giacis
295 2240 432 2307 maxima
451 2240 592 2305 numeris
613 2252 777 2329 tamquam
805 2237 949 2328 legitimo
965 2249 998 2303 et
1015 2237 1149 2305 solemni
1175 2251 1280 2307 metro

180 2363 316 2453 scriptas
342 2360 439 2426 luisse
462 2359 710 2450 inscriptiones,
742 2357 819 2425 hino
848 2380 980 2449 quoque
1008 2372 1154 2440 constat,
1191 2358 1278 2450 quod

179 2482 333 2550 dicuntur
358 2482 489 2560 ἐλεγεῖον
517 2494 549 2547 at
579 2478 703 2559 ἔλεγον,
740 2502 796 2547 aaa
819 2502 949 2571 quoque
971 2504 1054 2570 quaa
1079 2482 1143 2549 alio
1176 2493 1281 2549 metro

178 2607 317 2694 scriptae
344 2615 430 2669 sunt.
488 2602 532 2668 Ut
566 2601 733 2691 inscriptio
760 2601 952 2667 hexametris
986 2601 1110 2668 inclusa
1140 2604 1283 2682 ἐλεγεῖον

179 2725 264 2813 apud
293 2718 463 2790 llemosth.
498 2721 612 2788 Neaer.
647 2742 682 2810 p.
701 2724 799 2787 1378.
829 2724 881 2788 13.
913 2721 1056 2800 dicitur,
1079 2734 1112 2788 et
1144 2723 1176 2788 in
1209 2722 1281 2790 aliia

179 2844 260 2910 locis
289 2864 371 2934 quos
399 2854 472 2908 anta
499 2864 551 2908 me
579 2840 778 2931 collegerunt
799 2841 859 2908 riri
888 2839 1002 2925 docti3
1039 2842 1180 2933 Hesych.
1209 2845 1280 2912 ἕλε-

179 2972 279 3045 rata,
304 2962 348 3031 sol
371 2960 529 3046 ἐπιτάφιοι
548 2964 723 3043 sorduerat.
772 2963 1012 3054 Epigrammata
1034 2963 1139 3045 ἔλεγον
1163 2964 1281 3034 dicun·

181 3100 235 3155 tur
259 3108 277 3153 a
305 3083 465 3176 Meleagro
492 3084 533 3155 1.
554 3084 590 3154 P.
610 3086 675 3162 tv,
700 3088 730 3153 1.
756 3088 812 3155 36.
843 3099 876 3153 οι
904 3085 1042 3177 Agathia
1071 3086 1118 3156 ib.
1139 3094 1172 3157 3.
1200 3091 1277 3156 130.

179 3208 327 3279 Polliano
347 3207 416 3288 xi,
444 3211 520 3307 130.
547 3211 580 3278 3.
615 3206 742 3275 Lucilio
773 3208 820 3277 ib.
853 3228 883 3277 c.
913 3211 988 3278 135.
1013 3213 1046 3279 3.
1082 3207 1280 3301 Apollonide

181 3330 230 3411 X,
258 3334 312 3397 ill.
337 3340 370 3396 st
393 3329 586 3397 Petroniano
613 3314 776 3411 Histilio,
801 3342 839 3397 ut
861 3330 990 3399 videtur
1016 3344 1112 3423 poeta
1133 3333 1279 3400 nomina·

181 3450 358 3531 tualuissa,
382 3451 415 3517 iu
437 3449 667 3542 epigrammate
686 3450 812 3517 colosso
824 3450 1014 3519 llemnoneo
1027 3451 1192 3544 insculpto
1211 3452 1280 3544 pri·

181 3590 269 3639 mum
286 3569 375 3638 edito
392 3593 409 3637 a
426 3571 603 3640 Latronnio
615 3572 648 3638 in
667 3570 805 3662 eleganti
824 3573 1096 3644 commentatione
1114 3572 1155 3643 de
1176 3575 1279 3644 Mem·

181 3695 275 3763 nonis
293 3706 396 3762 statua
420 3694 535 3782 (Paris.
562 3693 662 3779 1833)
686 3716 721 3784 p.
744 3695 822 3762 224.

269 3810 398 3890 Τούτοις
418 3820 482 3889 τοῖς
506 3810 627 3894 ἐλέγοις
650 3811 857 3898 [impetranda
877 3838 913 3880 οε
933 3816 1064 3900 γεροιρνι

360 3933 503 4012 adiicere
527 3935 582 4018 1εῷ
601 3934 737 4016 mooted
756 3934 836 4019 δῶρον
854 3934 974 4012 διδούς,

269 4057 420 4142 πατρόθεν
438 4054 541 4137 οὔνομ’
560 4054 643 4139 ἔχων
664 4057 880 4134 decimor,
905 4057 1027 4133 ’tretia
1046 4057 1144 4141 ιένιὶρ,

359 4177 450 4246 ἀλλὰ
472 4176 512 4245 ον’
535 4200 586 4258 μοι
610 4174 687 4260 ζωὴν
706 4176 792 4262 δηρὸν
811 4175 895 4257 eloe}
912 4177 1056 4262 χάρισιν.

269 4298 384 4367 Πολλο1
407 4300 686 4382 οἱνιιοοιίχονοι
710 4299 861 4379 δαήμεναι
885 4298 916 4367 el
936 4304 961 4381 ρ’
981 4296 1027 4365 ἔτι
1050 4297 1186 4379 Μέμνων
