2932 5108
703 348 883 417 ..ρυ-

246 539 340 628 girco
359 539 501 629 primum
526 537 648 605 includi
676 549 808 628 coeptae
837 550 911 603 sunt
933 538 1157 628 inscriptiones
1183 541 1346 630 sepulcra·

248 658 315 739 les,
340 659 380 728 rd
405 680 542 751 quarum
570 659 751 750 exemplum
777 658 830 727 sed
859 660 959 726 sorios
982 659 1116 727 demum·
1143 661 1255 731 eudem
1277 684 1345 731 me·

249 782 369 848 tremi
391 794 626 851 coamerernnt
650 794 764 873 poetro
787 781 820 848 iu
839 780 1109 872 inscriptionibus
1138 780 1346 853 essenorum

248 924 286 969 or
308 914 385 971 roto
414 901 652 972 dediortorum.
679 901 815 993 nsque
844 901 1135 992 neqsudnm'hruc
1154 902 1348 996 iuterpreta-

247 1025 370 1092 tiouom
392 1025 495 1091 tribus
516 1026 638 1092 lirrnrri
665 1026 837 1092 momentis
863 1025 1056 1114 grauissimis
1066 1036 1082 1105 ,’
1099 1026 1242 1116 primum
1261 1025 1349 1117 quod¹

249 1167 356 1213 rerrur
375 1146 509 1236 elegiaci
528 1149 657 1239 queruli
682 1159 893 1239 opponuntur
916 1146 1166 1236 epiprrimutr'tlt·
1185 1148 1350 1228 ἀνυθνμοι-

249 1273 367 1344 σννοῖς,
394 1280 462 1336 tum
484 1268 584 1338 verbo
597 1294 615 1345 e.
632 1270 772 1335 inolere
795 1275 868 1345 eri,
893 1288 960 1357 quo
981 1266 1141 1337 ¹Horatius
1167 1280 1246 1337 urus
1278 1280 1349 1347 est,

248 1387 337 1479 quod
358 1387 399 1455 ad
418 1391 561 1481 priorem
583 1410 717 1481 quoque
745 1409 870 1457 uersum
894 1374 1169 1459 referendnm'de
1188 1393 1360 1481 epiqrum-x

248 1520 335 1577 ruste
354 1510 518 1598 aptissime
534 1508 678 1590 dieitur,
703 1524 740 1577 ut
759 1508 840 1576 alius
861 1520 981 1599 poete:
1085 1544 1089 1551 ·
1162 1519 1167 1545 ³
1225 1532 1230 1541 ·

341 1631 464 1722 quique
483 1629 634 1697 rdrtriotu
657 1630 746 1697 breui
766 1628 922 1698 clruduut
944 1631 1173 1723 epigrammate
1194 1631 1305 1711 uodo,

248 1762 284 1820 et
304 1751 442 1842 merime
463 1774 503 1819 eo
527 1749 615 1840 quod
647 1750 768 1819 nullius
789 1752 943 1819 cruminis
966 1752 1122 1843 elegiaci,
1145 1734 1274 1844 pr'reter
1299 1754 1351 1819 iu·

250 1872 440 1963 scriptiones
462 1869 655 1962 sepulcrales
667 1918 678 1950 ,
702 1870 741 1940 rrl
771 1885 913 1942 nostram
942 1886 1083 1943 aetatem
1106 1886 1282 1966 proprqetu
1303 1878 1351 1942 eit

250 1994 428 2075 mmsis,
451 2012 519 2086 quo
538 2004 664 2061 constat
683 1995 784 2063 etiam
802 1994 973 2084 lugubrem
996 1996 1352 2088 antiquissimirpuetis

250 2114 383 2185 Graecis
409 2114 508 2184 luisse
532 2114 683 2207 elegiam.
729 2114 911 2185 Pruru‘ornt
942 2114 1075 2207 quidem
1102 2116 1165 2185 riri
1194 2114 1295 2188 docti
1311 2115 1352 2183 ad

249 2231 613 2316 emittentem,
636 2235 677 2305 tle
696 2256 761 2329 quo
780 2232 972 2306 Plutarchus
991 2233 1032 2304 tle
1048 2235 1133 2306 Auri.
1157 2250 1246 2329 poet.
1259 2256 1301 2307 'us
1315 2237 1349 2306 n.

247 2351 326 2425 ὅσον
343 2355 377 2425 il
399 2355 621 2444 (Ἀρχίλοχος)
643 2355 808 2441 σδνᾶνδρον
816 2355 1030 2443 mesilam
1047 2354 1258 2442 ἠφανισμένον
1267 2356 1350 2442 larii

249 2476 395 2565 tramea
416 2478 470 2546 rel
487 2503 534 2559 ρον
518 2474 699 2562 Ἰνυρράντον
717 2460 848 2560 νομῘμου
867 2481 975 2562 σοφῆς
993 2475 1075 2564 λένῃ
1096 2479 1207 2560 θρηνῶν
1223 2479 1350 2635 meretri*

250 2618 335 2679 σνρσν
356 2595 453 2663 ἂν
419 2620 476 2674 την
497 2598 664 2682 συμφορὰν
686 2598 860 2677 ἐνεγκεῖν
953 2646 957 2653 -

432 2739 458 2782 er
449 2715 577 2785 ’κείνου
599 2717 746 2800 κεφαλὴν
768 2740 821 2783 νυν
810 2716 1001 2799 χαρίεντα
1022 2716 1126 2796 μέλοι
1250 2750 1254 2755 ·
1317 2718 1319 2723 ’

341 2836 521 2918 Ἥφαιστος
540 2836 715 2918 καθαροῖσιν
735 2831 818 2902 ἱν”
784 2858 911 2915 erucem
932 2836 1161 2922 ἀμφεπονήθη,

251 2953 508 3040 meritorium,
532 2957 566 3023 οὐ
590 2956 642 3024 τὸν
665 2957 730 3024 θεὸν
760 2955 1023 3040 προσηγόρευσεν,
1048 2972 1081 3025 et
1114 2955 1214 3025 verbo
1244 2958 1352 3041 θρνρνόν

251 3076 339 3169 apud
359 3076 570 3146 Plutarchum
590 3052 695 3169 ipsum
719 3077 841 3168 elegire
869 3089 1094 3168 argumentum
1118 3075 1256 3145 indicari
1275 3096 1352 3149 eeu·

251 3211 335 3268 seut.
371 3198 427 3267 --m
447 3221 523 3266 roro
543 3211 600 3267 aut
618 3220 679 3288 eqo
702 3198 830 3289 egregie
849 3196 946 3265 fallor
968 3209 1024 3265 aut
1041 3195 1257 3267 Archilochus
1288 3195 1352 3266 lrue

251 3318 395 3386 carmine
416 3337 620 3408 nequequam
651 3319 888 3387 miserationem
919 3341 1050 3389 morere
1075 3316 1221 3400 studuit,
1246 3338 1352 3410 neque

252 3437 369 3505 sororis
385 3436 541 3505 maritum
562 3437 662 3528 elegis
680 3437 836 3520 deflerit,
861 3438 952 3530 quod
966 3439 1012 3538 ¹etl)
1032 3440 1102 3507 eius
1122 3439 1252 3531 iugenio
1270 3438 1352 3509 mili

252 3557 380 3626 ridetur
402 3559 651 3639 alienissimum,
675 3559 729 3626 sed
752 3561 821 3627 eius
852 3561 1001 3628 interitus
1028 3560 1088 3627 hac
1109 3580 1171 3628 une
1195 3559 1236 3629 ele
1258 3580 1352 3629 ceusu

253 3681 449 3747 mentionem
470 3681 571 3761 lecit,
604 3702 645 3747 ne
673 3679 854 3770 proeceptis
885 3692 1009 3747 tuntum
1037 3680 1155 3750 civium
1186 3683 1308 3751 unimur
1336 3705 1354 3747 a

234 3772 345 3870 'luctu
368 3822 516 3869 revocure
540 3798 728 3880 rideretur,
755 3822 856 3889 quum
874 3802 942 3890 ipse
973 3801 1159 3890 plenissime
1182 3803 1353 3894 perliceret

253 3923 339 4014 quod
361 3923 432 3989 aliis
458 3919 640 3988 laciendum
663 3920 864 3988 existimabat
885 3933 917 3987 et
945 3922 1051 3989 auimo
1072 3924 1204 3992 robusto
1226 3921 1353 4011 perfer·

253 4057 305 4112 ret
330 4045 543 4114 oulrmitetem
577 4041 799 4111 domesticam.
846 4043 1023 4133 Naufragio
1054 4057 1161 4111 autem
1191 4043 1352 4132 perierant

254 4167 367 4257 optimi
384 4166 506 4256 quique
519 4177 553 4233 et
574 4152 763 4231 nobilissimi
781 4164 1024 4254 petriaecives,
1050 4165 1134 4229 inter
1152 4183 1234 4252 quos
1253 4163 1351 4254 ipsius

255 4285 443 4357 Archilochi
469 4288 584 4355 rororis
608 4286 765 4367 maritus,
792 4308 855 4379 quo
888 4287 972 4359 iacto
1001 4264 1088 4352 velut
1122 4282 1154 4352 in
1179 4282 1264 4355 malo
1289 4308 1350 4377 pu·
