2932 5108
631 362 810 424 -27-

184 565 293 623 mento
306 563 374 628 est.
400 548 484 641 quod
505 551 572 616 eius
594 550 689 640 piane
711 563 745 617 ut
762 546 937 637 Meleagri,
962 544 1124 640 Philippi,
1148 546 1274 617 Strato·

182 678 255 754 nis,
281 669 451 763 Agatbiae,
473 672 529 762 qui
552 670 670 761 singuli
693 669 920 759 Anthologiam
942 666 1179 746 condiderunt,
1203 670 1273 759 epi·

182 807 355 885 grammata
376 815 510 860 numero
530 793 668 882 piurima
688 790 727 857 ad
746 814 802 859 nos
821 801 1059 881 pervenerunt,
1082 788 1122 855 ad
1144 803 1273 857 centum

184 915 425 1004 quinquaginta.
472 914 561 1000 Quae
582 912 726 979 versibus
748 914 823 977 satis
853 910 1013 999 eleganter
1038 908 1177 976 conditis
1198 911 1275 976 sori·

182 1046 257 1126 pta,
283 1033 337 1102 sed
360 1031 533 1100 admodum
557 1034 645 1099 tenui
676 1029 770 1097 laude
790 1032 935 1120 poeticae
965 1029 1126 1097 facultatis
1147 1041 1202 1095 aut
1226 1031 1276 1097 in·

180 1155 265 1243 genii
298 1155 405 1222 festini
437 1153 578 1222 ornanda
608 1153 660 1219 vir
683 1163 773 1218 tanto
802 1173 937 1218 nurnero
964 1163 1085 1220 serrata
1116 1150 1275 1230 inissent,

181 1276 243 1342 nisi
275 1273 407 1349 aliunde
438 1273 535 1364 idque
559 1272 659 1362 ipsius
690 1287 804 1360 poetae
831 1293 927 1362 opera
958 1272 997 1336 iis
1027 1271 1169 1360 quaesita
1197 1283 1278 1338 esset

182 1392 431 1462 commendatio.
480 1391 641 1460 Palladius
658 1394 746 1460 enim
767 1392 862 1482 longe
882 1392 1023 1481 piurima
1046 1392 1187 1458 carmina
1208 1414 1226 1456 a
1245 1413 1278 1457 aa

182 1517 304 1604 scripta
338 1513 554 1604 Authologiae
588 1514 756 1580 inseruisse
790 1511 932 1582 ridetur.
987 1509 1070 1579 Octo
1111 1512 1180 1580 eius
1207 1511 1279 1601 epi·

182 1644 357 1723 grammata
381 1635 413 1701 in
435 1633 582 1701 Gessium
605 1645 768 1701 mortuam
789 1635 906 1724 scripta
931 1631 1096 1700 exaestuat
1121 1630 1278 1722 Cephalus

181 1752 306 1822 addidit
330 1753 563 1846 sepulcralibus
584 1753 667 1834 vlt,
692 1755 882 1822 681-689.

226 1873 263 1943 ln
286 1873 562 1965 Epigrammaturn
587 1872 784 1964 Florilegio,
809 1874 909 1942 altera
931 1874 1145 1964 dntboiogiae
1165 1885 1277 1965 parte,

181 1996 297 2062 ultimo
325 2016 514 2086 reponerem
546 1994 619 2062 loeo
652 1997 794 2063 carmina
817 1994 914 2062 buius
941 1995 1147 2084 argumenti,
1171 1994 1278 2085 primo

183 2139 258 2185 rero
279 2118 507 2207 epigrammata
529 2117 678 2202 βιωφελῆ
702 2115 829 2205 aliaque
851 2137 935 2208 quae
956 2117 1101 2206 superius
1124 2115 1156 2180 in
1177 2135 1279 2181 unum

184 2239 347 2328 coegimus
370 2238 512 2319 librum,
537 2238 594 2330 qui
623 2239 790 2306 universus
811 2259 875 2304 uuo
894 2236 990 2304 titulo
1013 2241 1204 2319 Συμμικτῶν
1227 2239 1278 2303 iu·

182 2358 369 2448 signiendus
397 2360 539 2428 ridetur.
587 2358 836 2448 Epigrammatis
861 2367 968 2423 autern
993 2356 1162 2446 biologieis
1190 2377 1281 2423 eom·

183 2477 297 2546 modus
318 2491 449 2568 paratur
481 2478 633 2544 transitus
666 2476 708 2542 ab
737 2473 1004 2564 inscriptionibus
1037 2475 1076 2541 ad
1108 2476 1279 2567 Epigram-

183 2611 289 2678 mata,
313 2618 415 2688 quum
439 2595 502 2663 hoc
529 2597 798 2687 epigrammatum
825 2617 924 2686 genus
952 2597 1128 2685 antiquitus
1156 2595 1199 2663 ab
1221 2594 1278 2664 lu·

183 2717 413 2811 scriptionibus
443 2739 508 2784 non
537 2718 635 2784 luerit
663 2716 867 2797 seiunctum,
891 2716 977 2806 quod
1001 2716 1164 2785 nonnullis
1188 2740 1277 2786 com·

182 2839 339 2932 probatur
359 2839 632 2929 inscriptionum.
659 2860 741 2928 quae
770 2837 941 2921 βιαφελεῖς
969 2835 1147 2918 dicendae,
1171 2860 1279 2909 erem·

184 2962 259 3052 piis.
306 2960 388 3029 Vere
410 2961 495 3028 enim
517 2959 733 3049 diogenianus
754 2960 787 3026 in
811 2958 1058 3029 Proserbiorum
1081 2959 1273 3032 Prooemio:

182 3085 209 3150 oi
228 3080 375 3165 liudgero:
398 3077 458 3149 ὅσα
480 3085 653 3165 rastedensi
679 3077 832 3163 εὕρισκον,
857 3082 964 3146 ταῦτα
989 3079 1074 3146 κατὰ
1104 3079 1276 3165 λεωφόρους

181 3204 265 3280 ὁδοὺς
281 3204 472 3287 ἀνέγραφον.
497 3200 576 3270 οὕτω
596 3200 649 3268 καὶ
667 3201 711 3268 sal
729 3208 790 3268 τῶν
810 3206 921 3284 Σοφῶν
937 3201 1179 3285 ἀποφθέγματα
1197 3226 1277 3283 γνα-

183 3326 291 3402 rdsiuei
320 3331 402 3408 φασι
432 3323 485 3390 καὶ
513 3324 558 3390 τὰ
588 3323 789 3405 Πυθαγορικὰ
819 3322 1096 3407 παραγγέλματα.
1153 3323 1279 3410 Quibus

185 3446 384 3536 Pythagorae
405 3446 585 3536 praeceptis
607 3445 777 3536 significari
808 3445 956 3513 sidentur
977 3446 1086 3537 plures
1105 3467 1277 3527 versuum,

186 3568 360 3656 exquibus
388 3570 493 3650 χρυσᾶ
520 3567 719 3657 Pythagorae
742 3566 801 3641 ἔπη
825 3568 986 3647 coniiata,
1011 3567 1132 3655 aliique
1160 3567 1278 3657 quibus

185 3687 318 3757 liesiodi
340 3686 445 3778 Opera
464 3701 496 3757 et
517 3689 592 3757 Ilias
612 3691 675 3756 iam
694 3700 819 3756 mature
835 3702 929 3756 aucta
949 3702 1034 3758 sunt.
1072 3690 1171 3756 lirant
1192 3689 1277 3754 enirn

185 3809 431 3899 inscriptionum
458 3809 539 3878 aliae
560 3810 664 3878 soluta
686 3812 830 3878 oratione
860 3809 1019 3901 scriptae,
1044 3808 1157 3879 Scbol.
1180 3807 1277 3877 liam.

188 3929 250 4000 od.
274 3926 352 3996 Vili
365 3980 374 4008 ,
400 3933 477 3996 351.
508 3930 544 3996 al
568 3931 599 3996 ἓν
622 3937 762 4014 Δελφοῖς
789 3931 1004 4012 ἐπίγραμμα·
1037 3927 1166 4009 ἐγγύα,
1191 3926 1279 4011 πάρα

186 4049 302 4126 baira,
323 4062 356 4118 et
374 4062 496 4117 caetera
519 4064 687 4143 praecepta
702 4066 823 4143 septem
835 4052 1044 4144 Sapientem,
1069 4073 1099 4119 r.
1118 4050 1212 4120 Paus.
1225 4048 1276 4130 Χ,

187 4176 243 4241 24.
270 4177 299 4241 1.
334 4172 366 4238 in
390 4170 550 4240 vestibulo
570 4174 680 4265 tempii
702 4175 852 4264 Delphici
873 4175 1016 4263 scripta,
1041 4171 1120 4240 aliae
1138 4171 1278 4240 disticho

188 4293 326 4367 inclusae
339 4306 374 4360 ut
385 4294 541 4362 sententia
552 4292 585 4360 iu
598 4295 774 4383 propylaeo
789 4293 901 4383 tempii
912 4292 1033 4362 lleiiaoi
1047 4293 1130 4384 apud
1145 4295 1278 4364 Aristot.
