2932 5108
644 332 824 393 ...50-

178 517 298 584 diserta
330 519 506 608 requiritur
527 520 672 595 mentio,
707 539 812 608 neque
837 516 975 583 multum
998 515 1106 605 pleeet
1136 520 1274 585 otiosum

176 638 340 715 Ἕλλησιν.
368 638 535 729 Corripam
564 640 685 729 igitur:
711 641 863 707 αὐλοῖσι
883 634 1076 722 προςςέδιυυ
1098 639 1201 718 μέλεα
1220 639 1272 706 uel

176 758 322 839 έλέγους,
336 773 372 827 ut
385 758 597 847 προςᾳδέμεια
609 762 739 840 inserte
750 756 834 851 opud
848 759 1036 827 l'cusunium
1048 808 1057 837 ,
1068 759 1116 825 rel
1130 758 1274 846 ὑπᾴδων,

177 893 215 947 ut
232 884 340 956 αὐλοῖς
352 882 481 967 ὑπᾴδειν
500 882 685 972 oppositum
715 883 755 949 sit
777 880 875 948 verbo
897 881 1059 947 ὑπαυλεῒι.
1085 879 1275 946 ΡικοιυΙοιι·

178 1003 264 1071 tibus
286 1005 372 1071 enim
396 1006 537 1071 musicae
561 1003 668 1071 modis
691 1004 752 1094 ipsi
774 1026 882 1071 versus
913 1003 1022 1070 cantui
1045 1000 1275 1073 inserviebant.

177 1123 241 1192 Sed
254 1126 322 1215 ipsa
335 1127 529 1216 pentametri
544 1126 639 1192 rerba
660 1148 723 1191 non
747 1137 875 1215 proesto
885 1170 895 1201 ,
921 1144 1047 1189 sensum
1069 1143 1166 1212 quem
1180 1122 1277 1187 unice

177 1244 328 1315 idoneum
358 1262 438 1337 pute
470 1247 646 1313 restituisse
674 1255 855 1311 contentus.
904 1244 1070 1311 Praeterea
1102 1242 1218 1310 haereo
1241 1243 1276 1308 in

178 1366 306 1433 verbis:
339 1366 459 1446 μελέτη
481 1388 518 1433 τε
538 1362 573 1443 ἦν
603 1367 706 1434 αὐλῶν
728 1364 773 1431 τοὶ
794 1363 1040 1447 σκυθρωπότατα
1065 1362 1117 1431 καὶ
1146 1365 1278 1443 ἐλεγεῖα

176 1486 231 1552 καὶ
250 1489 344 1569 έμῑυοι
360 1486 573 1573 πρυςμδέμινοι
592 1494 656 1563 τοῖς
676 1488 808 1561 αὐλοῖςς
833 1508 896 1551 non
910 1487 996 1552 enim
1010 1485 1158 1576 intelligo
1177 1506 1278 1576 quae·

179 1631 251 1674 nam
271 1629 339 1677 osso
358 1611 523 1699 potuerint
547 1608 644 1676 tibiae
672 1610 817 1675 tetricae.
867 1604 1101 1696 corrigendum
1126 1602 1274 1674 rideturr

176 1727 296 1807 μελέτη
313 1752 352 1795 τε
372 1724 407 1807 ἦν
425 1731 529 1798 αὐλῶν
552 1726 605 1795 καὶ
622 1729 666 1795 τοὶ
684 1725 930 1810 σκυθρωπότατα
952 1728 1083 1806 ἐλεγεῖα
1104 1727 1158 1793 καὶ
1180 1729 1276 1809 ipisus

176 1847 389 1935 npoeqsidpeuu
408 1854 473 1924 τοῖς
494 1850 616 1923 αὐλοῖς.
665 1847 822 1914 Videntur
853 1848 938 1914 enirn
967 1845 1106 1937 intelligi
1136 1846 1278 1913 carmina

177 1970 316 2059 elegiaca
335 1969 558 2059 antiquiorum
576 1981 652 2036 ente
671 1962 902 2036 Mimnermum
925 1980 1094 2058 poetarum
1120 1968 1186 2036 sire
1206 1966 1277 2034 hel-

177 2091 241 2158 licu
253 2103 297 2159 et
316 2091 452 2159 llrrtem
469 2090 625 2180 spirtutla
647 2091 713 2158 sire
728 2103 852 2158 austera
871 2102 904 2157 et
924 2091 1095 2180 grummo,
1121 2090 1148 2158 si
1167 2110 1278 2157 resera

177 2204 347 2277 Pausaniae
382 2222 420 2277 ar
457 2211 524 2277 alio
553 2212 644 2277 fonte
675 2232 772 2300 quam
800 2232 837 2276 er
872 2209 934 2276 heo
964 2212 1033 2300 ipss
1065 2211 1278 2300 inscriptione

178 2330 269 2398 duxit
291 2353 374 2421 quse
397 2331 437 2398 dc
458 2329 521 2398 hoc
544 2330 753 2397 solodorum
775 2332 949 2399 certamine
973 2333 1006 2398 in
1030 2331 1117 2398 ludia
1135 2329 1280 2421 Pythicis

178 2451 326 2521 tradidit.
376 2452 422 2519 tte
449 2466 517 2542 quo
539 2450 660 2519 dubito
688 2465 822 2543 propter
853 2453 955 2543 ipsine
987 2453 1105 2520 rerba:
1128 2459 1282 2537 μαρτυρεῖ

177 2571 210 2639 δέ
232 2596 284 2651 μοι
314 2573 401 2645 κτέ.,
428 2584 464 2637 ut
492 2572 560 2637 fece
581 2585 705 2639 certum
730 2574 875 2640 rideatur
897 2575 1082 2640 Pausaniam
1106 2575 1211 2639 serbis
1235 2572 1279 2639 τοὶ

178 2690 424 2774 σκυθρωπότατα
450 2690 581 2769 ἐλεγεῖα
610 2690 663 2757 καὶ
692 2693 809 2772 θρῆνοι,
847 2691 1021 2758 reddidisse
1059 2693 1280 2782 inscriptionis

180 2812 300 2881 rurba:
324 2810 428 2891 μέλεα
444 2811 497 2877 καὶ
510 2811 657 2891 ἐλέγους,
684 2833 767 2902 quae
779 2812 960 2902 significant
977 2812 1060 2892 μέλη
1073 2811 1126 2879 καὶ
1147 2813 1278 2893 ἐλεγεῖα

179 2932 465 3015 μεμελοποιημένα.
492 2933 577 2999 ilinc
589 2933 714 3000 efficere
732 2932 810 3001 licet
830 2934 1017 3001 Pausaniam
1039 2956 1076 3001 er
1092 2936 1280 3001 coniectura

181 3055 341 3143 scripsisse
360 3052 423 3120 hoc
442 3066 605 3121 certamen
624 3053 782 3120 abolitum
813 3077 879 3122 osse
902 3065 957 3121 cut
977 3054 1168 3121 obsolevisse
1192 3054 1280 3146 quod

181 3176 322 3243 curmine
339 3186 468 3243 cantota
497 3174 610 3241 ruditu
631 3175 737 3241 minus
762 3187 867 3242 essent
888 3174 1041 3243 iucunde.
1092 3175 1179 3261 Quae
1207 3196 1280 3240 sen·

183 3298 288 3363 tentia·
314 3294 397 3363 mihi
427 3316 487 3384 pro
509 3308 600 3385 parte
634 3307 757 3362 tentum
781 3318 854 3362 reru
877 3294 1027 3374 ridetur,
1060 3307 1093 3361 et
1125 3293 1211 3361 aliud
1229 3295 1278 3361 in·
1381 3320 1390 3335 r

183 3439 278 3508 super
311 3413 547 3505 respiciendum
581 3429 674 3505 puto.
734 3417 905 3483 Poetarum
941 3416 1179 3506 elegiacorum,
1217 3416 1280 3484 hr-

183 3536 347 3615 chilochi‚
374 3534 515 3618 Gellini,
539 3536 668 3626 Tyrtsei
689 3538 831 3604 carmina
855 3549 1015 3627 segregata
1039 3538 1134 3605 luisse
1161 3537 1279 3605 siden·

184 3674 238 3728 tur
269 3682 287 3731 a
316 3659 417 3727 tihiae
445 3658 571 3739 modis,
605 3680 678 3725 narn
712 3656 902 3727 Archilochi
931 3658 1028 3726 rerba
1051 3658 1136 3749 opud
1165 3658 1278 3729 Schul.

183 3783 242 3853 dr.
267 3784 328 3850 hv.
355 3780 453 3848 tuto.

456 3901 537 3986 ᾄδοι
557 3903 612 3969 ὑπ’
632 3907 803 3985 αὐλητῆμς

184 4024 253 4091 sine
280 4024 393 4092 idonea
418 4045 513 4089 causo
541 4023 580 4089 ed
607 4023 782 4113 elegiacum
811 4045 939 4091 cormen
967 4022 1079 4089 retulit
1106 4020 1279 4089 Muellerus

183 4144 267 4213 ltus.
287 4142 357 4213 Lis.
383 4146 442 4216 Gr.
465 4157 489 4214 t.
512 4144 540 4213 1.
565 4168 600 4235 p.
622 4147 685 4210 189
709 4157 778 4212 not.
801 4150 830 4214 l.
879 4146 925 4213 lle
950 4145 1089 4234 Tyrtaeo
1117 4142 1205 4233 qnod
1233 4141 1280 4210 le·

184 4268 270 4355 gitur
300 4267 384 4356 apud
404 4266 558 4338 Suidom:
585 4269 790 4347 ἐλεγειοποιὸς
817 4267 870 4336 καὶ
900 4265 1104 4341 αὐλητὴς,
1131 4262 1162 4331 ’δυ
1185 4264 1278 4346 λόγος
