2932 5108
643 371 822 433 ...61-

184 569 218 623 et
231 552 419 624 Aristoteles
439 551 644 635 Potiutltt,
672 562 703 623 5.
727 556 818 633 δῆλον
840 554 892 621 διὰ
909 560 969 621 τῶν
981 552 1148 636 Ὀλθμιιου
1159 561 1282 636 μελῶν·

183 679 290 743 ταῦτα
316 672 379 755 γὰρ
401 673 654 755 ὁμολογουμένως
677 684 761 743 τοιεῖ
783 675 844 750 τοὶς
867 675 980 758 ψυχας
1011 674 1283 753 ἐνθουσιαστικάς,

186 808 296 887 putem
327 808 430 863 tamen
454 795 588 887 Olympi
610 792 721 864 modos
749 798 887 864 musicos
910 797 1010 889 magis
1039 797 1135 865 luisse
1166 794 1286 888 rhyth-

189 918 270 984 mica
290 917 385 983 rerba
410 939 506 1008 quarn
536 918 692 987 carmina.
739 918 789 984 lto
812 917 1043 1007 Aristophanes
1071 920 1158 1009 lqu.
1184 940 1231 988 τι.
1250 920 1286 988 8.

633 1039 717 1122 δεῦρο
736 1045 789 1106 νῦν
811 1040 950 1124 τρθςελθ
973 1037 1023 1106 ἵνα

270 1158 426 1245 ξυναυλία
448 1160 636 1241 κλαύσωμεν
658 1162 833 1242 Οὐλύμπου
852 1160 966 1242 νθμον,

184 1302 280 1369 quem
302 1280 533 1349 Demosthenes
554 1295 587 1349 et
610 1281 718 1349 Nicias
738 1284 781 1348 ita
803 1283 1002 1349 concinuntr

273 1402 1058 1484 mfflmffimfflmfflfflfffflff

185 1534 217 1586 et
245 1521 360 1589 Semus
389 1523 500 1590 llelius
525 1522 610 1613 apud
645 1523 766 1593 Athen.
790 1520 887 1603 xit,
912 1525 979 1591 618
1003 1524 1045 1593 A.
1074 1521 1285 1603 υίγνοουμίνιρς

183 1641 215 1707 δὲ
240 1642 327 1724 τυροὶ
349 1652 478 1719 πολλοῖς
505 1654 562 1721 τῆς
585 1642 755 1722 ξυναυλίας
787 1642 936 1712 λεκτέον·
961 1641 997 1721 ἦν
1018 1667 1067 1719 τις
1094 1644 1181 1724 οέγθιν
1204 1668 1286 1724 συρο-

182 1763 302 1845 φυνίας
321 1764 490 1844 ἀμοιβαῖος
509 1767 608 1832 αὐλοῦ
629 1765 682 1831 καί
706 1766 817 1849 ῥυθμοῦ
837 1763 933 1848 χωρίς
956 1761 1053 1844 λθγου
1075 1768 1130 1831 τοῦ
1152 1785 1285 1847 τροςμσ·

181 1883 357 1967 λῳθοῦντος.
406 1886 510 1975 Ipsius
541 1887 640 1978 igitur
670 1887 817 1953 vocabuli
842 1885 975 1966 ἐλεγος,
1006 1884 1098 1952 cuius
1128 1885 1284 1975 originem

183 2025 220 2071 cr
250 2005 351 2094 Lydia
382 2009 535 2098 repetivit
570 2006 777 2088 Boeckbius,
807 2007 896 2074 nulla
929 2018 1035 2098 potest
1066 2028 1140 2074 oum
1175 2005 1285 2096 aliqua

182 2125 421 2214 probabilitatis
445 2127 552 2219 specie
580 2128 764 2216 investigari
781 2126 999 2217 etymologia,
1023 2126 1119 2217 plane
1137 2139 1173 2193 ut
1192 2125 1284 2194 simi·

183 2246 264 2313 lium
282 2244 420 2327 ίαμβος,
446 2248 616 2331 θρίαμβος,
642 2247 843 2329 διθύραμβος.
891 2245 956 2314 Sed
977 2247 1209 2315 Grammaticos
1226 2244 1285 2337 qni

183 2366 270 2455 apud
291 2381 401 2456 poetas
419 2369 546 2436 Atticos
568 2381 602 2433 ct
625 2369 798 2457 scriptores
821 2366 861 2432 de
878 2367 1019 2434 Historia
1039 2369 1180 2435 musione
1197 2366 1285 2433 locos

183 2486 390 2564 iurauerant,
412 2486 468 2552 ubi
485 2485 596 2566 ἐλεγος
615 2486 655 2553 dc
673 2499 771 2551 cautu
789 2483 891 2551 llebili
902 2484 1069 2551 dicebatur
1088 2496 1120 2553 et
1131 2483 1284 2576 lugubri,

183 2603 320 2673 eundem
345 2629 487 2673 errorem
510 2628 631 2674 errasse
658 2618 740 2696 puto
771 2627 868 2696 quem
895 2602 1089 2672 scholiastes
1118 2603 1285 2695 Apollonii

182 2724 224 2791 nd
245 2724 300 2805 ll,
326 2727 404 2797 872.
428 2726 502 2796 'Ad
522 2738 638 2817 poetae
655 2727 743 2793 enirn
765 2725 880 2792 nerbas
903 2720 1007 2791 θντινα
1024 2723 1102 2798 λαὸς
1120 2724 1286 2802 οἰκτίστοις

182 2845 335 2925 ἐλέγοισιν
354 2846 492 2930 ὀδύρεται
511 2845 593 2925 ἐξέτι
610 2847 730 2923 κείνου,
756 2858 945 2915 annotatum
968 2845 1115 2914 invenio:
1136 2852 1201 2923 τοῖς
1219 2845 1285 2931 γὰρ

182 2966 332 3046 ἐλεγείοις
360 2967 392 3031 ἐν
414 2974 479 3042 τοῖς
502 2968 682 3051 ἐπιταφίοις
713 2967 846 3050 ἐχρῶντο
869 2968 896 3034 ol
917 2965 1058 3034 παλαιοί,
1082 2984 1085 2989 ·
1108 2965 1285 3058 Apollonio

182 3098 256 3153 suut
284 3083 388 3164 ἐλεγοι
410 3085 558 3176 plauctus
580 3110 677 3178 quem
707 3094 828 3170 Βῶρμον
855 3086 938 3153 dixit
969 3085 1152 3176 Nymphis,
1177 3085 1284 3157 Scho-

184 3208 295 3274 liastae
323 3208 454 3286 ἐλεγεῖα
484 3208 626 3274 carmina
656 3207 822 3298 elegiaca,
848 3228 930 3297 quae
961 3204 1116 3273 dellondir
1148 3207 1284 3275 mortuis

184 3329 361 3419 antiquitus
395 3327 493 3394 scribi
522 3327 625 3396 solere
656 3329 741 3395 male
766 3352 804 3396 er
842 3326 1011 3419 Apollonii
1042 3326 1113 3395 loco
1146 3327 1281 3399 effinxit.

182 3450 296 3540 Neque
317 3449 404 3516 euim
437 3459 548 3538 putem
581 3445 782 3517 Scholiasteu
808 3448 1028 3517 doctissimum
1058 3449 1284 3540 inscriptiones

183 3570 377 3660 sepulcrales
390 3568 569 3637 intellectas
580 3569 716 3638 soluisse
728 3584 760 3638 et
773 3572 969 3660 significasse
981 3570 1280 3650 ιιοωίοοέλεγείοις.

185 3689 300 3757 Μυθυο
321 3690 466 3781 lugubria
489 3703 600 3758 cantus
620 3689 659 3757 ad
683 3691 849 3759 tibicinem
876 3692 941 3758 sire
966 3713 1099 3783 peregre
1129 3689 1283 3759 advectus

180 3812 248 3878 aire
271 3811 467 3880 Graecorum
491 3812 715 3905 indigenarum
736 3836 824 3880 more
848 3813 985 3879 usitatus
1003 3811 1109 3880 dictus
1129 3810 1193 3879 tuit
1212 3808 1282 3878 ἐλε·

89 3988 94 3996 .
180 3955 251 4013 γος.
299 3936 346 4001 Ex
373 3958 439 4025 quo
465 3947 573 4004 utrum
600 3936 729 4003 llurerit
751 3935 890 4014 ἐλεγεῖον
914 3936 1099 4013 incertum
1125 3931 1187 3999 boc
1211 3955 1282 4002 cer·

181 4064 250 4122 tum
261 4103 271 4135 ‚
296 4055 429 4123 carmini
451 4056 612 4144 elegiaco,
637 4079 675 4123 er
702 4078 766 4147 quo
785 4068 858 4148 post
877 4056 969 4148 opica
990 4068 1023 4123 ot
1050 4052 1181 4121 heroica
1209 4077 1282 4123 car·

181 4177 268 4241 ruina
287 4199 344 4268 per
364 4199 398 4243 sc
419 4178 587 4256 constitit,
613 4178 784 4245 maximam
807 4200 880 4244 cum
901 4177 995 4267 epico
1015 4175 1156 4244 carmina
1183 4174 1281 4245 fuisso

182 4297 367 4367 affinitatem
399 4298 604 4389 argumenti,
642 4299 700 4367 uisi
734 4297 819 4387 quod
853 4297 959 4365 omnia
991 4319 1027 4364 er
1059 4321 1113 4366 soa
1146 4321 1280 4391 persona
