2932 5108
550 396 753 459 -101-

108 584 172 654 Ubi
195 584 238 649 rol
271 584 358 649 καλαὶ
384 582 566 666 γράμματα
591 583 691 673 ipsius
723 581 819 648 huius
848 580 1063 671 inscriptionis
1095 603 1201 647 sersus

108 702 173 769 dici
193 702 361 784 sidentur,
387 703 505 795 quibus
524 727 589 770 non
603 709 666 774 iam
686 703 790 795 patria
811 715 844 768 et
865 724 963 792 genus
981 701 1133 768 Baucidis
1148 702 1200 767 sed

107 825 285 892 miseranda
304 849 370 893 sors
392 838 571 895 enarratur.
605 825 683 893 Ideo
706 824 918 892 rectissimum
934 834 1004 895 est:
1029 820 1108 904 κᾶμ’
1128 824 1203 906 ἔφο-

106 952 194 1027 ρῶντν
219 973 239 1013 >s
252 950 278 1013 si
300 949 395 1015 etiam
416 949 550 1038 cippum
570 946 612 1012 ab
635 946 736 1014 altero
754 947 853 1013 latere
876 944 1065 1037 inspicias.”
1117 945 1205 1031 Quae

108 1069 206 1134 rerba
235 1069 380 1158 proxime
406 1067 445 1133 ad
469 1066 587 1133 codicis
613 1067 786 1134 lectionem
814 1066 858 1133 rol
884 1067 954 1145 μεθ’
976 1066 1078 1149 ὁρῶντι
1111 1087 1203 1132 acce·

108 1187 214 1271 dunt;
240 1213 313 1255 nam
335 1200 364 1255 θ
382 1201 430 1255 est
450 1197 498 1267 Φ,
525 1209 629 1277 neque
649 1189 744 1255 facile
765 1198 794 1252 T
815 1200 848 1254 et
865 1196 891 1253 K
911 1186 1087 1275 dignoscas.
1122 1187 1204 1253 vut-

107 1334 147 1398 go
162 1332 200 1376 er
222 1311 362 1400 eleganti
382 1322 415 1376 et
439 1310 601 1399 ingeniosa
622 1309 769 1377 Salmasii
788 1311 975 1376 coniectura
1005 1308 1132 1375 editur:
1159 1308 1202 1373 rol

107 1430 312 1499 dinoscendo
334 1428 453 1510 νάμαθ’
476 1430 578 1512 ὁρῶντι
601 1429 768 1510 detorsisse
791 1442 825 1497 B.
843 1431 878 1497 ol.
903 1430 1032 1512 τύχαν,
1058 1451 1121 1519 qua
1144 1451 1205 1517 pro

107 1564 200 1643 parte
231 1564 367 1617 assumta
399 1550 592 1617 Welclrerus
626 1550 749 1641 Syllog.
786 1575 820 1641 p.
841 1550 983 1619 XXVIII
1018 1573 1090 1639 sqq.
1126 1572 1203 1616 con-

107 1671 203 1739 Iecitz
234 1671 278 1736 rol
306 1670 338 1738 δέ
360 1694 405 1737 ror
437 1671 525 1738 καλαὶ
552 1670 718 1752 γράμμαθ’
750 1674 852 1755 ὁρῶντι
884 1671 1051 1751 ὥμντνὶταν
1080 1672 1145 1737 xri.
1171 1684 1205 1738 et

108 1790 291 1875 γράμματα
322 1791 363 1859 de
392 1790 565 1882 anaglyphi
602 1794 741 1881 imagine
772 1792 973 1859 intellectum
1007 1791 1119 1861 soluit.
1166 1791 1205 1857 In

108 1914 218 2004 priore
247 1914 477 2003 epigrammate
506 1911 615 1979 ordea
639 1912 727 1979 edidi
759 1936 794 1982 er
819 1911 1042 1980 emendatione
1071 1910 1205 1979 Schnei-

108 2034 253 2111 dewini3
288 2034 386 2101 codex
425 2037 557 2101 σταλαν.
617 2033 743 2103 Ibidem
785 2055 831 2104 rs.
862 2037 881 2099 7
916 2033 1137 2124 recipiendum
1171 2036 1206 2101 in

109 2155 280 2221 verboram
326 2154 495 2233 ordinem,
532 2154 619 2243 quod
651 2154 736 2221 idem
770 2155 818 2219 air
854 2153 1087 2219 eruditissimus
1129 2177 1207 2221 con·

109 2276 186 2343 iecit
205 2275 323 2351 Τνλία.
372 2275 475 2343 Tenos
503 2276 590 2341 euim
615 2274 717 2340 insula
750 2274 891 2351 Ionum,
917 2274 1047 2342 Tolosa
1069 2276 1207 2343 Dorien-

109 2395 196 2461 sibus
226 2394 391 2473 habitate,
424 2416 561 2482 quorum
596 2393 735 2460 dialecto
767 2415 823 2458 usa
848 2406 895 2457 est
928 2394 1062 2461 Erinna.
1110 2397 1206 2462 ven

110 2514 224 2604 scripsi
244 2510 338 2595 ἕτερον
361 2510 486 2587 πόλιος,
520 2510 607 2600 quod
636 2514 669 2577 in
695 2510 805 2578 codIcc
827 2510 945 2599 legitur
965 2512 1066 2595 ἕτεραι
1088 2512 1205 2590 πόλιος.

110 2634 181 2703 IIoc
203 2634 345 2700 ornatius
366 2633 490 2699 dictum
512 2655 570 2723 pro
592 2630 681 2709 ξένα.
730 2633 795 2699 Ilas
817 2654 893 2697 sero
912 2633 1139 2724 inscriptiones
1158 2638 1207 2702 iu-

109 2755 197 2822 sulae
222 2753 292 2821 Teli
321 2751 408 2819 haud
434 2749 531 2817 dubie
555 2751 714 2819 Leonidas
736 2775 799 2818 non
823 2754 966 2841 cognitas
990 2753 1129 2827 habuit.
1152 2756 1207 2825 scd

109 2880 231 2968 pslmus
253 2876 285 2943 in
307 2874 475 2942 itineribus
499 2873 667 2965 descripsit
692 2875 863 2964 Meleager.
898 2874 992 2943 Unde
1013 2877 1207 2967 intelligitur

108 3001 303 3089 epigramma
321 2997 353 3062 in
373 2995 525 3062 Mrinuam
551 2996 592 3065 Α.
614 2996 651 3064 Ρ.
665 2996 749 3076 vtt,
774 3001 826 3069 13.
860 2996 1010 3085 Meleagri
1032 3021 1120 3077 csse,
1143 3022 1206 3066 non

109 3119 283 3189 Leonidae.
333 3117 405 3183 lluo
426 3139 497 3182 sera
521 3116 663 3207 elegiace
685 3117 915 3206 epigrammate
932 3118 1075 3185 eiusdem
1094 3119 1208 3210 lapidis

108 3241 293 3332 sepulcralis
327 3240 359 3305 in
394 3238 666 3327 Eurymedontem
700 3238 851 3327 leguntur
885 3240 924 3305 Δ.
955 3239 993 3311 Ρ.
1015 3240 1099 3318 VII,
1125 3242 1203 3308 658.

109 3366 189 3432 659.
212 3384 230 3426 a
253 3360 428 3428 Theocrito
449 3360 590 3449 scripta,
616 3358 776 3426 Leonidae
802 3359 968 3427 Tarentini
991 3360 1068 3427 item
1088 3358 1153 3426 duo
1172 3363 1205 3429 in

110 3481 301 3548 Prntalidam
336 3479 521 3546 Cretensem
552 3481 593 3547 A.
617 3480 652 3546 P.
676 3478 762 3557 vlt,
788 3482 865 3548 448.
892 3483 969 3549 448.
1004 3481 1037 3546 iu
1072 3481 1206 3550 Cassan·

110 3602 203 3669 drum
242 3604 274 3667 in
311 3599 507 3689 Anthologin
541 3600 687 3689 Gregorii
720 3600 863 3688 Magistri
888 3599 973 3678 vlt,
998 3604 1076 3670 327.
1102 3607 1205 3683 328..

109 3720 327 3790 Parmenionis
352 3719 492 3810 denique
516 3722 549 3785 in
575 3718 770 3809 Inthologia
794 3719 939 3809 Philippi
958 3720 1043 3799 VII,
1072 3726 1149 3792 183.

287 3960 384 4037 Altae
404 3964 459 4037 ‘tls
481 3960 641 4045 ligandane
661 3960 781 4046 ἔφθασε
803 3961 987 4044 παρθενίην,

199 4086 242 4161 εἷς
262 4083 293 4152 δὲ
313 4082 404 4164 γόους
423 4082 585 4161 Ὑμέναιος
605 4083 790 4161 ἐπαύσατο,
815 4083 875 4158 τὰς
898 4084 929 4149 δὲ
949 4083 1135 4161 γαμούντων

288 4206 418 4281 ἕλπνῒας
439 4208 472 4273 οὐ
493 4204 632 4285 θάλαμος
655 4208 792 4285 nolueras
810 4204 900 4269 alands
920 4202 1023 4284 τάφος
1048 4253 1056 4277 ,
1119 4221 1133 4258 ··

108 4344 139 4395 ct
163 4352 191 4397 c.
221 4333 293 4400 184.
