2932 5108
703 340 900 402 -130-

257 530 319 597 hac
335 529 476 595 carmine
499 529 622 592 notarit
644 529 675 592 in
695 526 821 618 Explic.
846 528 885 593 ad
908 527 1001 594 Pind.
1029 525 1082 596 01.
1105 527 1191 607 Vll,
1217 551 1250 617 p.
1276 530 1353 596 172.

255 649 316 717 »ln
337 648 412 716 Asia
437 645 636 715 Athenarum
665 649 769 739 neptis
797 647 957 735 Cynicus,
983 670 1066 737 quae
1086 648 1129 715 eb
1158 647 1356 715 architectu-

254 793 322 835 ram
351 781 384 835 et
409 791 543 857 eperum
577 771 800 857 organicorum
830 770 978 859 peritiam
1015 791 1089 836 eum
1120 769 1237 838 Rhodo
1268 770 1355 861 spad

253 888 445 955 Strabonem
457 889 546 957 XIV.
570 912 606 979 p.
619 891 684 957 695
703 887 741 957 Ο.
767 891 992 980 componitur,
1016 913 1074 979 per
1092 891 1233 960 Milesios
1252 890 1355 960 arhe-

253 1011 412 1077 niensium
435 1010 565 1079 colonos
596 1010 713 1079 tradita
746 1012 809 1077 sibi
833 1011 989 1101 religione
1011 1012 1199 1094 Minerrae,
1221 1012 1262 1077 ab
1293 1009 1355 1077 hac

253 1131 315 1196 sibi
338 1130 398 1201 dea
424 1131 574 1201 denatum
599 1133 676 1199 artis
708 1131 894 1201 facultatem
924 1132 1059 1221 gloriata
1090 1136 1175 1204 est.'’
1223 1131 1354 1199 Intelli-

252 1252 389 1341 gendum
418 1265 528 1321 autem
559 1266 666 1322 censet
695 1253 879 1323 Boeckhins
901 1253 1024 1342 primae
1054 1254 1132 1319 artis
1160 1252 1363 1344 sculptoriae,

253 1397 333 1464 opas
354 1387 387 1440 et
406 1397 423 1439 a
445 1373 575 1441 Pallade
595 1375 663 1464 ipsa
682 1374 804 1441 iactam
826 1373 1046 1464 donatumque
1068 1373 1236 1462 Cyzicenis
1253 1396 1355 1464 quum

252 1496 392 1584 primum
429 1496 452 1560 ii
491 1494 646 1583 templum
677 1494 917 1575 condidissent,
954 1496 1215 1584 triangularem
1256 1495 1356 1583 igitur

253 1622 390 1706 cappam
412 1615 478 1682 sire
509 1616 750 1695 columellam,
777 1615 886 1683 triadis
922 1616 1106 1683 Gratiarum
1136 1614 1353 1703 Symbolum,

254 1738 340 1803 unde
360 1749 470 1827 postca
493 1736 638 1803 mortalis
669 1736 805 1804 alicuius
830 1737 960 1825 ingenio
980 1751 1014 1803 et
1044 1738 1175 1803 invento
1205 1754 1256 1811 ars
1278 1758 1355 1825 pro·

253 1871 347 1948 gnata
373 1859 453 1947 sit,†‘
486 1858 617 1924 Rectius
638 1880 714 1925 aero
733 1879 794 1948 pre
813 1870 905 1948 parte
928 1856 1122 1925 Walcheraa
1140 1856 1222 1925 Mus.
1248 1854 1355 1926 Rhea.

258 1983 356 2049 1845.
379 2002 416 2068 p.
433 1982 511 2047 273.
535 2000 616 2068 opus
636 1978 700 2044 hoc
719 2001 793 2046 aere
809 1979 1020 2070 sculptoriam
1040 1978 1136 2046 luisse
1154 1990 1266 2068 putet,
1291 1989 1355 2045 ata·

254 2114 341 2169 ruam
363 2100 524 2190 triplicem
547 2114 579 2169 et
599 2123 696 2167 unam
720 2101 927 2177 Gratiarum,
953 2101 1021 2167 iero
1040 2112 1076 2166 ut
1096 2101 1234 2168 Hecates
1257 2101 1357 2188 trige-

253 2223 360 2289 minae
382 2219 560 2308 imaginee,
583 2223 685 2296 στήλη
709 2220 749 2287 de
780 2233 884 2285 statua
906 2234 940 2285 et
963 2222 1102 2309 imagine
1128 2219 1251 2287 dictum
1270 2218 1357 2285 mul·

256 2344 294 2409 tis
313 2341 527 2410 recentiorum
550 2342 745 2430 scriptorum
772 2355 804 2407 et
823 2354 991 2431 poetarum
1019 2339 1099 2406 locis
1119 2340 1355 2409 demonstrans.

254 2464 378 2550 Quibus
395 2461 458 2529 alia
485 2486 521 2529 ex
544 2463 783 2553 antiquioribus
810 2461 907 2529 ducta
932 2462 1008 2529 addi
1026 2475 1159 2554 possunt
1187 2485 1269 2552 quae
1292 2462 1356 2529 elio

254 2585 327 2650 lece
358 2582 496 2651 collecte
525 2581 623 2650 dabo.
670 2583 832 2649 lacobsius
860 2606 934 2649 aero
964 2584 1020 2673 qui
1054 2583 1133 2650 olim
1161 2584 1294 2672 pronior
1321 2584 1355 2649 in

254 2704 442 2777 Buttmanni
474 2705 665 2771 senteutiam
701 2702 829 2781 iuerat,
861 2704 1019 2792 posterius
1055 2706 1088 2769 in
1123 2702 1288 2771 dddendie
1313 2704 1356 2771 ed

256 2825 355 2896 Anah.
382 2827 450 2897 Pal.
474 2824 515 2893 de
540 2823 630 2890 nulla
661 2823 723 2890 alia
754 2838 822 2890 arte
854 2824 907 2890 hic
946 2826 998 2913 agi
1030 2827 1154 2914 putavit
1187 2849 1284 2916 quam
1313 2825 1355 2893 de

254 2949 382 3015 navium
404 2944 669 3015 exstruendorum
694 2944 972 3035 regendarnmque
998 2947 1123 3013 ratione
1142 2968 1240 3034 quam
1269 2946 1356 3037 Argo

257 3069 406 3137 traditam
426 3089 496 3135 esse
519 3087 537 3131 a
563 3066 705 3133 Minerva
728 3064 825 3154 vulgo
854 3079 997 3135 narrant.
1051 3066 1210 3157 Equidem
1244 3069 1355 3156 prius,

255 3191 392 3255 maxime
425 3198 559 3277 propter
592 3186 688 3255 rerba
724 3189 922 3269 χρυσήλοπον
944 3185 1066 3268 ἄχθος.
1103 3187 1290 3276 quaemihi
1317 3187 1357 3257 de

257 3309 446 3375 columellae
466 3309 572 3397 effigie
591 3308 679 3375 dicta
699 3322 832 3400 propter
853 3310 921 3376 anri
945 3309 1078 3377 latorum
1106 3309 1232 3400 pondus
1257 3308 1356 3375 intel-

256 3430 310 3516 ligi
331 3451 394 3494 non
414 3451 507 3518 posse
528 3429 741 3511 videbantur,
767 3431 846 3497 haec
869 3430 1028 3520 adscripta
1051 3429 1101 3495 rel
1123 3431 1276 3521 iuscripta
1295 3455 1355 3522 pu-

259 3551 322 3617 tari
344 3550 431 3617 ferro
452 3552 575 3641 primae
596 3552 719 3617 neriae
741 3554 882 3619 Minerva
907 3553 1104 3621 aedificatae.
1152 3552 1246 3639 Quod
1269 3576 1356 3620 nunc

256 3671 324 3763 ipse
346 3671 581 3763 repudiandum
610 3684 714 3761 pute,
746 3695 849 3761 quum
879 3696 994 3739 aureae
1023 3673 1140 3763 effigiei
1170 3674 1297 3766 pondes
1322 3676 1355 3741 in

257 3797 359 3869 meina
388 3807 515 3862 auctam
543 3816 612 3861 esee
631 3796 679 3860 nil
705 3795 823 3861 mirum
851 3796 905 3864 sit.
954 3795 1129 3864 Donarinm
1151 3797 1249 3886 igitur
1269 3818 1357 3863 nnnc
1403 3806 1410 3819 ‘

257 3941 331 3985 cum
356 3917 575 3994 Buttmann,
602 3913 788 3993 Boeckhio,
818 3916 995 3983 Welckero
1022 3918 1120 3985 fuisse
1149 3930 1231 4007 pato
1261 3916 1356 3984 cola·

257 4037 386 4103 mellum
415 4036 600 4126 prismatam
628 4036 661 4101 in
691 4038 795 4101 cuins.
814 4036 967 4105 lateribus
996 4039 1130 4128 singulis
1158 4038 1356 4128 singularum

258 4158 413 4237 dearum,
440 4157 597 4246 dgla‘iae,
623 4157 855 4246 Euphrosynae
876 4175 908 4228 et
936 4161 1067 4227 Thaliae
1088 4159 1222 4225 fuerunt
1243 4161 1357 4250 imagi·

259 4304 325 4348 nes.
373 4279 506 4347 initium
530 4278 680 4347 carminis
705 4292 791 4347 recte
812 4281 1025 4351 Buttanannue
1043 4279 1242 4347 emendaritz
