2932 5108
631 345 836 409 -155-

276 527 457 612 *Λβρδτσσσν
481 530 624 613 θρήῖσσα
646 532 726 609 γυνὴ
748 529 857 613 γένος·
881 530 972 599 ἀλλὰ
994 530 1137 600 τεκέσθαι

367 652 418 719 τὸν
440 650 548 733 μέγαν
568 652 723 729 Ἕλλησιν
745 653 828 739 φασὶ
853 654 1051 736 Θεμασσσκλέ
1076 703 1085 721 .

189 771 252 861 Qui
286 795 391 842 sersus
420 774 571 865 leguntur
593 777 690 842 etiam
712 776 745 841 in
767 774 870 846 dntb.
900 776 969 847 Pul.
991 776 1055 845 vtl
1066 825 1077 858 ,
1102 777 1181 847 306.
1206 787 1286 845 tem·

187 916 284 985 quesn
301 894 450 987 sepulcro
472 894 617 961 mulieris
636 896 806 986 inseripti:

274 1014 456 1100 Ἀβρότονον
479 1016 621 1100 Θρήϊσσα
641 1018 721 1098 γυνὴ
744 1017 860 1085 nitor·
883 1016 974 1085 ease
995 1017 1140 1085 condedas

365 1138 419 1204 τὸν
440 1136 549 1218 μέγαν
567 1137 722 1215 Ἕλλασιν
743 1137 831 1221 Φημὶ
855 1138 1087 1218 Θεμιστοκλέα.

184 1256 272 1326 Plut.
295 1255 411 1326 Thena.
444 1279 475 1329 c.
496 1261 528 1329 1.
573 1258 619 1328 Ut
647 1255 784 1326 Athenis
813 1258 952 1349 vulgaris
980 1257 1061 1327 baec
1088 1256 1154 1325 tuis
1175 1258 1287 1327 inimic

184 1397 295 1445 eornm
324 1378 512 1454 calumnia,
547 1401 611 1468 qua
645 1376 885 1468 Cleophontenr
923 1380 1019 1469 petiit
1053 1377 1287 1469 Aristophanes

185 1497 268 1569 llan.
288 1502 368 1569 679.
392 1512 425 1566 et
453 1498 534 1566 alios
564 1498 630 1569 alii.
676 1498 835 1567 Leonides
866 1510 975 1567 autem
998 1501 1191 1568 Tarentinus
1209 1522 1286 1591 pro·

182 1631 256 1707 pter
273 1631 413 1686 nastrum
431 1620 570 1711 primam
600 1618 757 1709 syllabam
776 1619 905 1710 gentilis
925 1618 1088 1705 epdi'rca,
1113 1644 1146 1690 r.
1169 1620 1287 1714 Stepb.

183 1738 269 1829 llyy.
294 1740 327 1806 in
348 1762 380 1808 r.
406 1738 602 1831 Theognost.
626 1740 708 1811 cru.
739 1764 775 1830 p.
797 1744 851 1813 17.
879 1745 932 1813 12.
964 1765 1001 1834 p.
1023 1746 1080 1812 99.
1105 1744 1161 1814 25.
1185 1743 1288 1811 corsi·

181 1860 267 1951 pnit.
314 1859 408 1948 Quod
424 1861 466 1928 ab
487 1864 558 1952 ipso
581 1873 675 1954 posta
694 1862 820 1930 facturn
840 1885 909 1931 esse
940 1862 1152 1933 libentissime
1175 1862 1286 1936 oredo.

183 1978 247 2047 Sed
270 1993 396 2049 caetera
418 1984 554 2073 quaein
580 1982 644 2051 boo
671 2004 737 2050 uno
755 1984 899 2052 carmine
921 1984 1094 2074 singularia
1116 1985 1287 2053 inveniun-

184 2115 259 2182 tur,
282 2101 491 2171 librariorum
516 2104 681 2170 erroribus
704 2102 818 2172 deberi
839 2114 934 2194 puto.
980 2106 1065 2173 llinc
1086 2104 1215 2175 flu'xisse
1238 2108 1288 2175 ri·

184 2222 280 2292 detur
310 2223 398 2316 quod
432 2224 557 2293 editum
585 2234 687 2293 exstat
709 2246 757 2296 ss.
777 2228 810 2295 2.
841 2222 893 2293 ἐστὶ
917 2228 962 2310 τᾷ
984 2223 1063 2310 tto,
1096 2225 1184 2316 quod
1214 2248 1287 2295 mu·

183 2344 317 2413 tandum
350 2369 465 2414 censeo
495 2347 529 2413 in
555 2346 615 2413 ὑπὸ
636 2351 682 2431 τᾷ
708 2346 784 2426 δρυΐ.
831 2348 1015 2414 Extremum
1047 2348 1134 2415 enirn
1157 2348 1287 2416 articuli

184 2466 329 2533 vocalem
361 2477 394 2533 et
426 2467 563 2556 primunr
593 2464 787 2534 substantivi
815 2466 850 2533 in
877 2488 974 2533 unarn
999 2464 1156 2556 syllabam
1179 2468 1286 2538 coele·

181 2609 271 2656 scere
292 2610 386 2680 posse
408 2587 442 2654 in
464 2586 610 2657 rensibus
638 2598 753 2679 poetae
782 2586 897 2656 doctae
920 2587 1098 2679 elegantiae
1118 2587 1287 2657 studiosis·

182 2710 256 2777 simi
287 2708 337 2775 rix
368 2706 512 2775 adducor
539 2720 574 2775 ut
597 2707 726 2776 credant
752 2730 857 2797 eoque
883 2709 991 2776 minus
1020 2708 1109 2801 quod
1134 2709 1214 2779 baeu
1244 2710 1287 2778 li·

180 2831 287 2900 centia
305 2830 490 2898 cumulatur
511 2831 611 2898 ultera
636 2831 668 2898 in
691 2852 783 2897 versu
804 2831 925 2908 tertio,
949 2829 1031 2911 ubi,
1057 2832 1159 2900 vocali
1178 2833 1284 2924 prima

181 2953 429 3045 praepositionis
462 2953 537 3020 elisa
569 2951 775 3021 scribendum
802 2952 910 3021 loret=
945 2951 969 3019 cl
1002 2951 1088 3032 rond
1116 2954 1172 3021 ’στ’
1202 2954 1284 3023 ἐκεῖ·

181 3098 246 3141 σαν.
295 3076 385 3163 Quae
405 3098 551 3167 upooope
581 3074 662 3143 mibi
692 3088 800 3142 tumen
825 3074 858 3140 in
879 3072 1024 3141 Leonida
1056 3096 1120 3141 non
1151 3075 1285 3143 ferenda

180 3195 322 3267 ridetur.
369 3196 438 3264 Nec
466 3194 639 3263 udmodunr
671 3194 876 3285 probandum
910 3192 998 3283 quod
1022 3192 1107 3263 idem
1131 3216 1192 3285 pro
1213 3196 1283 3262 rul-

179 3316 249 3404 gusi
270 3318 393 3385 Graece
416 3316 560 3384 dictione
580 3316 647 3382 ἀνθ’
670 3312 729 3391 ὧν,
755 3315 779 3380 i.
795 3335 826 3383 e.
849 3311 897 3403 ὅτι
917 3313 1059 3383 scribere
1078 3312 1192 3383 maluit
1211 3317 1283 3387 ἀντ’

181 3437 300 3503 ἐκείνων
329 3434 380 3504 ὧν.
437 3439 641 3528 Quapropter
677 3435 756 3503 haec
787 3438 894 3503 omniu
926 3460 1010 3529 quse
1040 3440 1281 3531 corruptissima

181 3554 329 3625 bubenda
362 3570 436 3623 sunt
464 3556 507 3623 ub
532 3556 732 3624 acutioribus
755 3569 901 3626 sunctum
934 3559 975 3625 iri
1006 3581 1114 3649 spero.
1160 3560 1282 3628 Ultima

183 3675 403 3767 inscriptionis
424 3676 521 3746 serbe
540 3675 751 3745 describenda
770 3678 881 3746 curari
901 3700 939 3747 er
956 3679 1134 3748 Hermanni
1153 3691 1284 3748 senten·

182 3800 227 3865 tia
249 3821 267 3864 a
289 3798 453 3869 llleinelio
476 3799 637 3889 probuta3
663 3800 786 3869 codex:
812 3799 921 3884 ἔθρεψε
943 3803 1042 3882 usuris
1064 3800 1112 3869 ἔτι
1137 3802 1284 3884 χρησίμα

179 3928 340 4006 τελευτᾷ,
367 3941 450 4010 quse
473 3944 584 3989 vereor
605 3935 641 3988 ut
661 3916 749 3991 re'ots
770 3923 938 3991 emendata
962 3925 1037 3992 sint.
1084 3920 1148 3989 Sed
1165 3922 1282 3992 melius

180 4042 258 4133 qnid
299 4042 450 4134 equidem
492 4044 683 4135 investigare
715 4068 779 4112 non
813 4046 931 4136 potui,
967 4045 1045 4111 alios
1078 4041 1284 4135 indagaturus

143 4230 147 4237 ,
181 4186 333 4233 essenon
355 4164 484 4233 dubito.

226 4286 471 4377 Inscriptionem
497 4287 530 4353 in
558 4308 676 4375 equunr
700 4284 869 4371 ἀδλσφδρσσ
902 4285 1049 4377 sepulcro
1072 4301 1220 4361 ornatum
1242 4314 1280 4360 es
