2932 5108
633 334 839 398 -192-

193 517 361 590 Plutonem
379 522 412 588 in
434 541 534 587 unum
552 521 726 586 coniuncta
747 516 899 585 coaluisse
922 515 1082 583 dieantur.
1130 513 1203 581 Ηοο
1220 532 1297 584 ear·

191 662 265 709 men
298 642 418 730 exeipit
450 641 647 732 epigramma
685 641 761 706 item
793 636 963 705 ἀδέσποτον
995 638 1028 703 ia
1058 631 1294 727 Sapphanem,

192 761 277 828 unde
308 762 469 830 eoniieera
498 763 575 831 lieet
609 761 752 853 poetriae
784 769 921 825 statuam
950 760 982 824 in
1014 755 1137 846 templo
1159 755 1295 826 Iunonia

189 880 371 951 dedicatam
394 906 462 951 esse
485 907 516 952 e.
540 884 618 952 189.

274 1005 410 1073 ’Έλόεπε
431 1005 505 1088 πρός
527 1004 656 1085 τέμενος
675 997 948 1082 γλαυκώπιδος
971 997 1097 1081 ἀγλαόν
1117 1000 1214 1082 Ἥρης

366 1125 522 1207 Λεσβόδες
540 1124 629 1209 οδβροδ
650 1122 750 1191 ποδῶν
771 1122 893 1203 βημαό
916 1119 1193 1200 δλισσόμενας,

194 1291 197 1298 -
273 1246 349 1319 ἓνόα
370 1249 468 1322 ιιαλόνΙ
490 1248 649 1326 στησασόε
669 1246 721 1330 iai
741 1242 853 1328 χορόν·
876 1241 960 1325 ὔμμι
980 1241 1007 1308 δ’
1028 1240 1164 1326 οδπιὶρξιι

302 1416 306 1423 -
365 1369 495 1452 Σαπφδ
515 1366 665 1451 χρνσεόην
686 1364 798 1449 χερσὶν
820 1363 941 1446 ἔχοντα
963 1362 1079 1446 λύρην·

274 1488 382 1570 ὄλβιαι
401 1488 557 1579 taxatam
579 1485 794 1567 πολυγηθέος·
819 1484 838 1563 ἦ
858 1485 982 1566 γλυκὺν
1005 1483 1100 1565 ὕμνον

193 1618 198 1627 ’
332 1664 338 1675 ,
365 1608 490 1686 fisains
508 1609 607 1687 osiris
628 1605 733 1686 δόξετε
756 1604 953 1683 Καλλιόπης.

184 1729 242 1800 Va.
267 1733 298 1801 i.
331 1730 501 1820 epitheton
539 1735 726 1815 νλανιιῖνπις
758 1729 920 1800 Minervae
954 1728 1124 1821 proprium
1156 1729 1292 1798 Iunonia

184 1870 252 1937 asse
271 1852 397 1943 nequit.
444 1850 662 1931 scribendum
686 1860 758 1919 eat:
843 1916 845 1921 ,

191 2016 197 2027 -
233 1970 378 2061 [miii
402 1972 476 2056 πρὸς
498 1971 627 2052 τέμενος
650 1968 839 2055 ταοριόπιδος
861 1968 989 2049 aaran
1008 1968 1115 2053 Ἥρης,
1156 1985 1160 1993 ·

182 2094 324 2165 Deorum
346 2095 457 2186 regina
480 2093 566 2186 apud
589 2093 768 2161 Homerum
786 2088 904 2165 dieitur
924 2091 1069 2187 βοῶπιςς
1087 2104 1119 2159 et
1139 2090 1301 2183 epithetu-

182 2215 268 2305 quod
289 2215 443 2283 hocloco
464 2214 588 2282 restitui
616 2213 700 2303 apud
723 2212 832 2280 Noun.
858 2212 1038 2295 Diomlx,
1060 2216 1116 2283 68.
1142 2211 1289 2295 XLVII,

181 2338 261 2406 727.
293 2334 480 2420 τανρόπιδος
509 2334 605 2417 Ἥρης
638 2334 745 2415 Βριμόν
773 2333 997 2412 όναστιὶσονσι.
1043 2334 1098 2402 Vs.
1114 2336 1155 2412 Ι2.
1190 2356 1289 2425 prae·

179 2479 251 2526 sens
285 2455 485 2538 ἑλισσόμεναι
510 2471 626 2548 parum
659 2468 784 2546 aptum¹
801 2454 928 2524 ridetur
949 2468 983 2524 et
1018 2459 1051 2523 in
1086 2455 1288 2537 ἑλισσόμεναι

181 2582 238 2671 qui
271 2581 451 2647 infinitivus
482 2599 557 2645 eum
588 2576 695 2643 ἔλδετο
729 2576 910 2669 iungendns
944 2591 999 2645 ant
1036 2579 1068 2644 iu
1106 2576 1288 2659 ἐλιξόμενιιι

181 2698 385 2768 mutandum.
432 2698 471 2766 ln
493 2695 603 2765 codiee
623 2697 743 2787 iegitur
763 2698 890 2778 βήματ’
909 2698 1119 2780 ἑλισσόμεναι.
1169 2702 1217 2771 Ex
1235 2700 1291 2768 ul·‘

181 2819 267 2891 timia
288 2816 364 2887 ,fera
393 2816 510 2885 efficias
532 2816 739 2908 Sapphoaem
768 2819 932 2908 scripsisse
952 2818 1109 2909 hymnum
1129 2821 1163 2889 in
1186 2820 1297 2890 Iuno·-

179 2962 267 3009 nem.
314 2938 365 3006 Ad
389 2937 453 3006 hoe
480 2960 580 3030 genus
610 2938 879 3029 epigrammatum
903 2941 1063 3009 referendi
1091 2944 1186 3011 etiarn
1211 2942 1288 3021 0⁸1·

179 3060 313 3129 limaehi
345 3065 456 3128 sersus
482 3060 523 3126 ‘in
539 3128 542 3133 ,
557 3060 717 3142 Aratum,
753 3073 787 3127 et
807 3061 840 3128 in
869 3061 1006 3129 eundern
1021 3062 1194 3133 'Leonidae
1224 3064 1288 3133 Ta·

178 3184 307 3253 reatino
329 3180 489 3249 tributum
510 3180 706 3273 epigramma
730 3183 773 3252 Δ.
788 3181 825 3250 Ρ.
848 3183 921 3264 tx,
945 3186 1002 3252 28.
1109 3223 1112 3227 -

268 3298 409 3383 Γρόμμα
431 3299 495 3366 τόδ’
517 3302 656 3390 Ἀρήτοιο
679 3302 829 3383 δαήμονος
852 3300 884 3378 ός
908 3326 985 3372 ποτε
1008 3316 1112 3391 λεπτῇ
1173 3390 1177 3397 .

358 3420 496 3507 Φροντόδι
518 3418 694 3499 δηναιοὺς
718 3424 855 3509 ἀστέρας
877 3424 1059 3511 ἐφράσατο,

266 3541 433 3617 οὶπλανὲας
450 3542 487 3620 Ιτ’
509 3539 610 3626 όμφα
633 3543 686 3610 καὶ
711 3546 875 3627 οξλιὶμονας
897 3542 975 3614 οἷσιν
996 3550 1127 3631 ἐναργὴς
1178 3570 1181 3575 ·

279 3712 282 3717 ›
357 3661 520 3746 ἰλλόμενος
543 3661 667 3740 κύκλοις
691 3666 813 3749 οὐρανός
838 3666 1013 3735 ἐνδέδεται·

188 3824 193 3838 ·
266 3782 407 3854 αόνεόπόιο
429 3783 462 3851 δέ
484 3785 593 3865 καμὼν
614 3783 703 3869 ἔργον
726 3785 888 3867 μέγακαὶ
912 3788 985 3864 Διός
1008 3786 1086 3857 εἶναι
1193 3850 1197 3856 .

358 3906 495 3989 δεύτερος
518 3904 599 3982 όςπις
623 3905 705 3983 ἔθηκ’
728 3904 832 3991 ἄστρα
854 3910 1052 3995 φαεινότερον.

173 4025 266 4112 Quod
287 4027 460 4123 Antipatro
489 4025 622 4094 Sidonio
650 4027 764 4096 tribuit
788 4031 989 4112 Branchus,
1015 4034 1084 4100 aine
1110 4032 1176 4101 ulla
1202 4033 1278 4103 ida·

176 4170 234 4215 nea
255 4152 469 4231 auctoritate,
494 4148 549 4218 aed
574 4149 654 4217 mihi
679 4173 809 4244 quoque
832 4169 965 4246 propter
983 4155 1172 4225 adverbium
1199 4181 1281 4227 ποτε

177 4270 212 4339 hi
242 4294 348 4339 sersus
376 4297 440 4342 non
475 4298 541 4345 esse
571 4272 720 4345 ridentur
750 4276 910 4346 Leonidae
938 4278 1100 4349 Tarentini
1133 4281 1200 4349 fere
1222 4306 1281 4353 ae-
