2932 5108
634 346 838 411 ..130-

191 533 293 599 serbis
313 536 385 599 κατ’
409 529 492 599 αἶνον
517 534 630 625 respici
652 534 778 624 putarit
801 532 841 599 ad
858 531 962 603 llonr.
985 531 1027 602 11.
1046 531 1080 599 ll
1093 580 1103 612 ,
1129 532 1210 603 478.
1232 530 1290 613 ύμ·

186 678 281 732 ματα
307 651 360 719 καὶ
395 654 539 738 κεφαλύιν
571 653 672 729 ἴκελος
705 654 756 722 Διὶ
793 652 1030 738 τερπικεραύνῳ.
1082 650 1175 740 Quod
1205 652 1291 721 milri

187 774 436 865 improbandum
454 775 593 845 ridetur.
642 776 702 843 vix
719 777 806 843 anim
823 774 1006 843 verosimile
1026 775 1058 843 in
1079 775 1289 867 proterbiarn

186 898 332 964 omnium
364 920 420 964 ore
449 899 561 965 tritam
587 897 704 965 abiisse
734 897 819 964 inter
855 897 995 965 Graecos
1028 897 1137 964 leram
1167 896 1291 988 pulcris

185 1016 255 1086 csse
280 1018 385 1086 oculis
407 1031 441 1086 et
465 1020 584 1110 capite.
632 1016 849 1087 scribendum
872 1019 971 1107 igitar
993 1016 1121 1085 ridetur
1141 1019 1216 1085 κατ’
1236 1014 1290 1085 αἶ·

184 1151 267 1216 σαν,
285 1150 328 1205 nt
347 1139 475 1206 dicatur
502 1139 605 1205 lerma
626 1139 707 1206 laris
729 1136 950 1229 pulcherrima
968 1137 1141 1229 conspicua
1162 1160 1231 1208 assa
1254 1140 1289 1207 in

185 1262 323 1351 inrngina
349 1261 434 1342 lilii,
460 1262 516 1351 qui
546 1282 602 1327 οιο
624 1270 759 1327 matrem
783 1260 881 1327 simul
909 1271 943 1327 et
966 1271 1091 1350 patrem
1114 1260 1184 1351 pari
1208 1257 1287 1351 pul·

184 1381 345 1450 critudine
364 1383 501 1473 insignes
524 1382 655 1449 referat.
678 1386 682 1393 '
702 1381 874 1471 Eleganter
897 1401 1030 1471 quoqne
1060 1381 1178 1471 scripta
1201 1382 1289 1453 eius

184 1502 257 1570 dens
277 1504 442 1594 Antipatri
471 1498 763 1571 Thessalonicensis
780 1500 962 1591 'inscriptio
992 1500 1025 1567 in
1048 1510 1174 1579 statuas.
1190 1500 1288 1590 qain-

184 1648 249 1713 quc
264 1622 453 1713 ·Thyiadurn
469 1620 531 1691 'uni
551 1623 619 1690 basi
638 1622 803 1715 impositas
828 1623 870 1695 Δ.
892 1622 930 1702 Ρ.
951 1620 1021 1701 IX,
1045 1622 1125 1702 603.

272 1744 371 1814 Πέντε
394 1746 561 1818 Διυνύσοιο,
579 1745 755 1827 ύεραπνύδες
777 1740 849 1810 uiis
873 1742 1006 1810 Σαώτεοι
1161 1746 1164 1751 ’

365 1865 517 1934 ε’ντύνουσι
541 1866 613 1941 loeis
636 1863 716 1948 ἔργα
738 1864 972 1949 χοροστασίαις.

273 1987 374 2065 οἱμὲν
395 1985 591 2070 ώερτώζουσα
612 1986 712 2067 δέμας
734 1988 896 2070 βλοσυροῖο
919 1985 1040 2060 λύοντες

327 2159 330 2165 .
362 2106 440 2173 etz
463 2106 673 2175 Λύκαύνιον
695 2106 887 2190 καλλύκερυν
908 2106 1052 2191 ἔλαφον·
1101 2157 1104 2165 .

272 2228 295 2291 οἱ
318 2226 452 2309 πριτώτα
474 2227 502 2291 δ’
523 2228 623 2293 υἱωνὸν
642 2227 811 2309 Ιε’ῦππερον·
835 2227 859 2291 οῦ
881 2225 913 2292 δὲ
935 2225 1076 2309 πετώρτα

361 2349 547 2429 τύμπανον·
572 2349 595 2415 οἱ
617 2348 755 2428 πέμπτα
776 2348 982 2432 χαλκοβαρές
1006 2346 1167 2432 κρόταλον.

272 2471 375 2535 πῦσαι
398 2469 569 2554 Φοιταλέαι
591 2494 628 2536 τε
651 2467 817 2553 παρνύριύν
835 2494 872 2537 τε
896 2467 998 2549 νύιιμα
1048 2540 1053 2547 ,

362 2590 541 2669 ε’κπλαγέες
563 2591 669 2675 λύσσα
691 2592 833 2671 δαίμονος
856 2590 966 2658 εύῖώδι.

182 2712 230 2780 ad
254 2735 389 2817 versum..
403 2713 545 2802 primurn
572 2710 742 2778 lnenbsins
774 2709 944 2804 adscripsit
973 2712 1068 2780 Paus.
1087 2711 1144 2790 ll,
1169 2712 1226 2780 31.
1251 2714 1288 2782 8.

179 2830 276 2912 ύμὲν
299 2826 416 2915 πρῶτος
445 2830 554 2912 βωμός
578 2834 645 2899 ἔστι
679 2831 851 2908 Διονύσου,
884 2831 971 2900 κατύι
993 2831 1030 2911 δύ
1049 2857 1081 2899 τι
1113 2829 1289 2914 μώντευμα

178 2954 344 3030 ε’πύκλνσιν
370 2952 509 3019 Σαώτου.
540 2956 597 3021 37.
621 2955 655 3019 2.
691 2953 781 3037 ἑτέρῳ
811 2955 843 3020 δὲ
873 2956 939 3038 ναῷ
970 2952 1117 3029 Διώνυσος
1151 2953 1288 3029 Σαώτιιζ

179 3076 348 3156 καύύμενον
369 3074 487 3153 ξόανον.
536 3074 582 3140 lt:
608 3071 727 3165 quibus
755 3072 834 3138 locis
855 3074 1072 3163 corrigendus
1095 3073 1180 3142 idern
1203 3074 1288 3142 scri-2

179 3210 255 3288 pter
274 3196 346 3276 lx,
371 3200 428 3266 26.
453 3202 487 3265 5.
534 3199 705 3262 Θεσπιεῦσι
733 3193 766 3259 δὲ
789 3194 821 3260 ἐν
843 3208 888 3284 ,τῇ
911 3192 1003 3262 πόλει
1033 3195 1162 3262 Σαώτου
1192 3193 1287 3271 Διύτ

181 3317 263 3383 ἐστι
286 3320 431 3397 χαλκοῦν
461 3312 605 3396 ώγαλμα
635 3314 691 3382 ἔτι
715 3314 786 3382 αντὶ
809 3312 921 3382 τούτου
943 3314 1003 3395 μὲν
1028 3316 1077 3398 τῷ
1100 3315 1164 3383 Διὶ
1187 3314 1287 3396 esses

176 3462 226 3505 νεν
249 3438 412 3513 ε’πύκλνσις
432 3435 575 3511 Σαώτης.
597 3435 634 3502 τῦ
656 3436 688 3502 δὲ
706 3434 850 3518 ώγαλμα
872 3440 928 3505 τοῦ
954 3435 1103 3513 Διονύσου
1122 3437 1177 3505 καὶ
1196 3432 1287 3513 αύύις

177 3557 291 3642 Τύριοι
315 3556 433 3643 ἑτέρωθι
452 3556 485 3623 δὲ
505 3556 650 3635 Ὑγείας.
698 3559 874 3628 Universae
894 3557 1027 3648 quidem
1046 3556 1137 3625 locas
1156 3557 1288 3625 laxatus

177 3696 210 3749 et
229 3700 345 3771 parum
362 3677 573 3746 emendabilis
582 3708 596 3756 ·,
621 3676 676 3743 sed
696 3677 760 3744 hoc
780 3690 906 3745 certum
926 3678 1055 3747 videtur
1070 3678 1286 3749 scribendum

177 3826 264 3872 esse:
300 3801 429 3867 Σαώτου
460 3798 608 3866 Διονύσου
630 3803 774 3881 χαλκοῦν
807 3797 951 3880 ώναλμώ
974 3800 1053 3867 ἔστι.
1077 3812 1109 3867 et
1139 3799 1283 3871 deinde:

177 3924 247 3989 ἀντὶ
271 3922 383 3989 τούτου
404 3922 462 4001 μὲν
484 3921 527 4002 τῷ
551 3919 689 4004 Διονύσῳ
720 3918 850 3999 γέγονεν
877 3919 1041 3997 ἐπίκλησις
1060 3921 1221 4005 Σαώτης,
1247 3936 1286 3991 ut

180 4057 268 4133 patet
289 4068 326 4111 er
351 4042 455 4110 serbis
478 4041 655 4131 preximisz
680 4040 716 4107 τὸ
739 4040 771 4106 δὲ
794 4037 937 4121 ἄγαλμα
956 4046 1012 4108 τοῦ
1035 4039 1194 4108 Διονύσου.
1242 4043 1286 4112 ln

178 4186 272 4231 versu
295 4176 411 4254 quarto
434 4160 587 4230 offendit:
612 4159 782 4227 Δυκαύνιυν
804 4160 935 4248 ἔλαφον.
983 4160 1080 4230 Nulla
1104 4164 1191 4230 enirn
1211 4161 1284 4231 idc—

178 4309 235 4355 nea
257 4308 351 4352 eausa
375 4285 511 4353 inveniri
546 4294 651 4374 potest
683 4306 782 4375 qnare
812 4282 938 4373 Thyadi
974 4304 1085 4352 cerrus
1119 4296 1184 4352 tarn
1210 4284 1281 4355 lon-
