2932 5108
632 339 836 401 -209a

365 520 466 602 ζονέον
488 519 524 597 ἕξ
545 520 656 587 οὶνέέοιν
675 522 831 596 ποιαέλον,
856 518 1028 603 diludia.

275 641 399 726 χρόνια
417 640 587 724 γράμματ’
607 620 696 723 ἔχον·
719 641 820 709 διόλου
836 641 863 707 δ’
877 641 1077 725 ἐγέγραπτο·
1100 644 1190 726 φίλει
1209 669 1251 725 με

365 761 419 830 καὶ
442 765 487 841 μὴ
511 763 649 846 λυπηθῇς
669 764 704 839 ἥν
723 787 770 837 τις
794 761 854 848 έχρ
873 765 909 842 μ’
928 759 1038 845 ἕτερον.
1138 831 1144 839 ,

186 877 224 947 ln
254 879 316 948 hoc
343 883 571 973 epigrammate
604 880 689 947 nihil
726 897 942 974 corruptum,
978 881 1032 950 sed
1063 904 1178 973 parum
1210 895 1285 972 apte

184 1025 232 1070 rs.
253 1008 287 1071 3.
310 1004 482 1075 iunxerunt
507 1003 697 1092 interpretes
713 1002 813 1070 διόλου
836 1003 1038 1087 ἐγέγραπτο,
1064 1026 1166 1095 quum
1182 1000 1285 1071 διόλου

183 1123 380 1214 iungendum
401 1127 443 1191 sit
468 1145 541 1190 cum
574 1123 671 1190 serbo
697 1125 800 1209 φίλει.
848 1127 972 1193 Pariter
993 1149 1057 1193 non
1083 1124 1282 1192 intellectum

79 1272 83 1277 ’
183 1256 231 1312 est
250 1247 447 1337 epigramma
470 1244 611 1313 eiusdem
634 1257 748 1336 poetae
772 1245 859 1325 llll,
888 1250 964 1317 162.
1088 1293 1091 1299 -

275 1363 373 1435 Οὔποι
396 1363 566 1450 τοξοφορῶν
589 1364 650 1433 οὐδ’
672 1364 775 1448 ἄρκιος
795 1366 1027 1449 desusceptis

362 1485 544 1568 sigirigus
567 1487 656 1569 παρὰ
678 1488 734 1565 τὴν
757 1486 873 1570 Κύπριν
897 1485 1128 1571 ὑποττρέφετοιι

274 1606 382 1673 δέλτον
400 1605 482 1689 ἔχων
504 1607 661 1691 χρυσέην·
684 1607 728 1674 τοι
748 1605 951 1691 Φιλοιτροὶτεος
974 1608 1007 1674 δέ
1027 1608 1168 1685 Διαύλου

363 1723 520 1810 τραυλίζει
539 1733 648 1810 ψυχῆς
667 1728 790 1811 Φέλτρα
811 1727 866 1795 καὶ
887 1727 1093 1808 Ἀντιγένους.

184 1845 234 1914 Its
262 1847 466 1916 scribendum
499 1846 561 1915 boc
596 1870 724 1916 carmen
761 1865 855 1940 puto.
904 1851 958 1917 Vs.
986 1854 1016 1919 l.
1050 1850 1150 1919 codes
1176 1848 1282 1932 nigror,

182 1968 268 2057 qued
299 1970 331 2036 iu
357 1966 439 2052 ιέριος
464 1982 629 2035 mutarunt
656 1969 820 2036 Iacobsius
850 1982 883 2037 et
906 1970 1120 2038 llermannus.
1169 1968 1224 2037 Vs.
1249 1973 1284 2040 2.

181 2089 386 2155 membranae
407 2085 618 2171 ὖποτρέφεται
639 2085 724 2176 quod
745 2110 781 2152 er
805 2086 931 2153 dnobus
950 2087 1142 2178 apographis
1160 2089 1193 2153 in
1211 2091 1284 2156 ὑπο·

183 2207 354 2292 στρέφεται
386 2209 524 2275 mutarit
553 2208 767 2276 Hermannus.
814 2206 905 2274 idem
943 2232 987 2277 rs.
1013 2213 1045 2276 3.
1072 2209 1211 2275 coniecit
1239 2209 1283 2276 τοὶ

183 2327 386 2413 assensuros
400 2329 439 2396 dl
464 2329 502 2395 δι’
525 2331 645 2404 αὐτῆς,
671 2328 724 2394 sed
747 2327 880 2393 Diaulus
899 2339 947 2392 est
970 2328 1030 2394 viri
1052 2351 1195 2408 nomen,
1221 2351 1283 2396 cu·

183 2452 232 2516 ins
252 2449 338 2516 filins
366 2446 577 2515 Philocrates.
630 2447 683 2514 Vs.
708 2452 739 2512 4.
769 2444 869 2513 codex
891 2448 1004 2528 ψυχή,
1029 2458 1061 2512 et
1083 2453 1157 2514 κατ’
1178 2450 1283 2517 Ἀντι·

178 2568 299 2650 γένους.
323 2566 409 2637 Illud
429 2568 462 2634 in
481 2572 592 2651 ψυχῆς
609 2578 768 2634 mutatum
789 2591 805 2632 a
825 2565 981 2634 Salmasio
998 2568 1157 2659 probante
1174 2569 1281 2638 Brun·

181 2691 278 2772 chio,
303 2690 366 2758 hoc
385 2687 597 2757 emendarunt
617 2686 782 2756 lacobsius
805 2702 836 2756 et
860 2688 1018 2759 Graelius.
1042 2691 1206 2759 lacobsius
1225 2715 1282 2758 an·

182 2822 247 2878 teni
279 2812 401 2902 scripto
427 2816 524 2894 Ψυχῇ
554 2809 853 2900 interpretationem
886 2808 977 2876 dedit
1006 2807 1113 2879 hanc:
1146 2814 1282 2881 »Amor

183 2931 319 3022 pusillus
337 2929 413 3018 dum
432 2928 517 3022 apud
537 2927 681 3020 Psychen
704 2931 884 3019 magistram
902 2927 1007 3020 legere
1026 2930 1140 3008 discit,
1165 2934 1195 3000 ei
1215 2956 1280 3001 non

181 3051 214 3119 id
243 3049 330 3143 quod
358 3063 406 3120 est
432 3051 465 3119 in
496 3051 733 3143 pugillaribus,
771 3049 824 3117 sed
860 3050 1071 3138 pulchrorum
1103 3074 1279 3141 puerorum

180 3175 309 3242 nomine
339 3173 482 3240 balbutit
510 3185 542 3240 et
571 3171 778 3239 illecebras.”
826 3169 1029 3235 Burmannus
1060 3192 1135 3236 roro
1156 3185 1281 3240 serrato

180 3297 253 3361 κατ’
275 3293 472 3372 Ἀντιγένους
496 3290 580 3356 hanc
606 3302 720 3378 poetae
743 3297 882 3354 mentem
904 3288 1001 3356 fuisse
1023 3292 1149 3381 putarit
1174 3292 1281 3361 »Bel-

181 3413 311 3478 buliens
335 3411 382 3476 sit
404 3410 502 3474 Amor
531 3407 748 3475 Philocratem
766 3430 898 3489 meum,
923 3411 1113 3502 Antigenis,
1138 3413 1281 3482 animum

180 3551 289 3598 amore
320 3529 453 3597 urere.‘'
513 3528 575 3616 Qui
606 3526 686 3595 adeo
718 3527 781 3595 hoo
815 3530 1009 3620 epigramma
1041 3554 1078 3598 er
1112 3532 1280 3624 Antigenis

180 3673 316 3744 persone
340 3649 496 3740 seriptum
515 3651 572 3719 eit.
618 3646 683 3718 Sed
703 3649 907 3742 Asclepiades
925 3650 1006 3718 dicit
1025 3673 1167 3720 amorem
1185 3675 1278 3722 sunm

181 3794 246 3864 quo
267 3782 323 3838 ant
339 3769 555 3838 Philocratem
577 3784 633 3838 aut
652 3771 847 3860 Antigenem
865 3771 1039 3862 complecti
1058 3786 1207 3865 coeperat
1228 3797 1280 3841 re·

180 3906 307 3963 centem
333 3904 366 3960 et
400 3890 460 3956 aab
490 3893 556 3982 ipsa
581 3893 675 3958 initia
698 3904 859 3959 moratum
882 3890 920 3959 ad
952 3904 1087 3962 matrem
1114 3896 1281 3964 revertisse

179 4014 376 4108 puerulum,
411 4032 512 4101 quum
545 4012 754 4102 comperisset
781 4010 997 4080 Philocratem
1025 4026 1058 4080 et
1085 4014 1276 4104 Antigenem

180 4148 350 4206 mutuose
378 4135 516 4201 insicum
541 4154 669 4213 amare,
696 4156 788 4200 suum
815 4133 912 4222 igitur
939 4153 1080 4200 amorem
1110 4133 1173 4203 hoo
1193 4139 1278 4208 iacto

1008 4252 1049 4317 lt
