2932 5108
629 365 828 427 -107-

360 552 473 627 αύλιὺς
495 552 546 617 καὶ
571 552 690 628 ταύτην
708 552 837 632 ιτύξινον
862 555 1048 630 αύλνδύκνν·

270 674 441 758 ἦφύλεριις
462 672 588 757 Σατύριρ
608 673 640 739 δὲ
664 675 716 739 τὸν
735 672 863 757 ἕσπερον
884 675 1079 757 ιῖνιτιτύριιν

358 796 545 876 σύγκωμον,
572 797 649 879 κιρρῷ
671 794 867 879 ζευξαμένη,
892 796 1027 873 δόνακα,

272 919 344 995 ἡδύν
361 926 548 1001 τνριττῆρα,
572 917 629 984 σὺν
653 914 676 1001 ᾧ
699 918 984 1001 τανετύρφνιις
1008 923 1054 996 ἠῶ

360 1040 532 1119 νύνατεν
554 1040 691 1113 αὐλείοις
715 1042 754 1106 ού
780 1039 965 1107 κοτέουσα
987 1039 1101 1123 ύύραις.

129 1188 132 1193 ·
181 1160 275 1228 Val
313 1163 498 1240 ταινιὶλιιιις
537 1160 813 1251 interpretandum
844 1161 971 1229 aidalur
1006 1182 1175 1254 »corpore
1206 1182 1282 1251 pro·

179 1282 277 1348 oero'’
311 1305 343 1352 a.
380 1280 519 1371 llesycb.
554 1282 685 1360 ἥιιιιύα,
716 1282 849 1364 μέγεθος
886 1283 1042 1363 σώματος.
1100 1284 1145 1354 Ut
1177 1283 1282 1351 serbis

180 1401 322 1470 Alexidis
350 1400 481 1485 Χαρύδιις
510 1400 652 1482 taranta
681 1401 817 1470 laudatis
846 1404 1035 1472 Eustallrius
1064 1428 1098 1495 p.
1123 1406 1221 1473 1554.
1246 1406 1281 1475 2.

179 1523 347 1612 praemisit
369 1522 471 1590 haeoa
501 1520 680 1591 ιιύιταιιιταί
697 1548 756 1591 τινι
784 1526 912 1607 ταιιαιῷ
934 1526 978 1599 εἷς
998 1520 1117 1591 denras
1135 1524 1281 1608 βραχυιὶ·

179 1654 256 1709 λιιια
275 1643 341 1709 aad.
391 1644 433 1711 llt
461 1644 507 1709 ita
532 1643 692 1713 Reislrius.
741 1645 835 1713 vau
860 1644 955 1712 rerba
975 1653 1023 1711 M.
1046 1643 1165 1711 ιύιιιιιιι
1185 1642 1280 1727 ἐρρύ-

180 1764 263 1839 arasa
284 1765 389 1831 minua
411 1777 498 1832 raota
518 1764 675 1856 explicuit
698 1764 886 1833 lacobsiurs
911 1764 1073 1854 simplices
1097 1776 1129 1830 at
1150 1766 1285 1832 minimo

179 1889 278 1951 malas
303 1886 468 1955 Musarum
496 1877 643 1956 famulas.
693 1868 924 1977 intelliguirtur
942 1884 1124 1969 αὐλητρίδες
1145 1888 1285 1977 pecunia

179 2005 351 2096 parabiles.
397 2007 492 2076 Vna
515 2030 576 2098 pro
602 2012 815 2089 ταχνχειλεῒς
835 2005 985 2074 Reiskius
1013 2006 1150 2072 coniecit
1173 2027 1284 2089 ταχυ-

179 2136 323 2209 meracis,
349 2129 402 2195 cui
419 2128 599 2218 praeferam
611 2126 699 2219 quod
713 2126 860 2195 osannae
877 2126 1046 2217 proposuit
1058 2125 1155 2195 duct.
1173 2127 1284 2197 Lario.

179 2271 213 2338 p.
237 2253 312 2320 151.
335 2256 560 2331 ταννχειλεῖρ,
586 2248 697 2338 quales
716 2247 815 2314 tibiae
846 2256 920 2312 runt
949 2259 1005 2311 aut
1034 2268 1103 2311 esse
1125 2258 1282 2336 possunt,

180 2384 218 2436 ut
238 2392 322 2445 ares.
371 2370 511 2459 Utrique
534 2380 641 2436 tantan
662 2382 824 2459 praestare
845 2378 980 2457 putaras
1003 2365 1204 2449 ταχύχειρας
1225 2368 1284 2433 αύ·

180 2488 265 2563 noda.
315 2487 468 2555 conferas
495 2487 661 2556 Pollucem
680 2489 748 2568 lv,
773 2492 828 2556 72.
854 2484 1007 2565 ύτύδεξαι
1034 2486 1087 2553 καὶ
1107 2489 1164 2564 τὴν
1183 2488 1284 2564 adan·

180 2614 235 2676 τοῦ
252 2610 464 2694 ταχνχιιρίαν
481 2610 534 2676 καὶ
553 2608 725 2693 εὐχέρειαν.
775 2611 824 2677 lta
849 2607 990 2675 Telastos
1012 2606 1170 2676 Athenaei
1188 2607 1283 2689 xlv,

181 2733 246 2797 617
271 2731 311 2801 Β.
337 2729 491 2796 tibiarum
519 2729 630 2796 laudat
659 2734 787 2810 πνεῦμα
813 2731 948 2809 drausio
967 2728 1024 2796 σὺν
1051 2728 1189 2796 ὠκύτατι
1212 2752 1282 2812 χει·

180 2856 245 2933 ρῶν.
295 2852 350 2923 Vs.
368 2856 388 2918 6
412 2874 448 2919 er
470 2851 623 2920 Meinakii
645 2850 869 2918 emendatione
891 2849 1028 2942 eleganti
1047 2864 1080 2918 at
1108 2874 1180 2919 aera
1205 2852 1283 2917 acri·

180 2974 229 3063 psi
253 2970 435 3055 ζευξαμένη.
484 2971 591 3041 Goder
623 2970 810 3053 τενξαμένιρ.
860 2972 982 3040 Ultima
1012 2974 1093 3040 mire
1128 2984 1282 3061 corrupta

181 3105 277 3172 sunt,
302 3117 384 3183 quaa
403 3093 554 3185 equidem
578 3096 622 3160 ita
640 3096 672 3160 in
694 3097 855 3185 integrum
886 3094 1084 3161 restituenda
1114 3094 1279 3161 eristiuro:

270 3214 341 3291 atta
364 3224 532 3299 σνριστῆρα
555 3217 613 3282 σὺν
632 3210 655 3299 ᾧ
674 3212 881 3298 τανετύρφνι’
905 3216 937 3290 ἐς
957 3217 997 3291 ἠῶ

361 3334 472 3411 ιρύιιιρν
491 3335 626 3410 abacista
650 3334 844 3418 ἐγκροτύινσι
868 3335 982 3419 ύύραις.

182 3456 228 3523 lux
249 3452 367 3546 quibus
386 3467 473 3521 oerta
498 3454 626 3522 babeat
652 3455 858 3541 τανενιύρφνι’
882 3456 913 3532 ἐς
933 3460 994 3535 ἠῶ,
1019 3470 1052 3524 at
1071 3456 1241 3532 αύιιεύιιςέ
1266 3493 1283 3507 -

183 3574 333 3656 κροτέουσι
346 3574 458 3657 θύραις.
487 3575 538 3642 ab
558 3576 620 3642 hoo
638 3598 702 3642 noa
722 3575 864 3643 multum
883 3576 1065 3666 discrepat,
1091 3576 1178 3666 quod
1198 3576 1282 3644 llor-

183 3695 288 3763 villius
308 3697 471 3775 coniecit,
497 3721 594 3787 quern
623 3700 804 3765 brunckius
830 3711 957 3766 secutus
980 3710 1047 3768 est:
1073 3698 1207 3772 abaciaco
1227 3697 1283 3777 ly-

182 3816 347 3900 ιιριτέιντα
366 3818 479 3900 ύύραις.
526 3819 589 3886 Sed
618 3820 733 3908 Satyra
758 3820 890 3885 tibicina
914 3820 982 3908 ipsa
1012 3819 1097 3886 lorea
1125 3841 1189 3884 non
1210 3816 1284 3908 pul-

182 3939 294 4015 sabat,
320 3937 375 4004 sed
404 3941 648 4006 comissantibus
676 3939 845 4007 iuvenibus
873 3940 1004 4007 canebat
1031 3941 1067 4006 τὸ
1091 3937 1283 4021 ύνριιιοιιιιιδν

181 4060 300 4137 μέλις,
337 4082 432 4148 quern
474 4059 623 4125 tibiarum
663 4077 793 4127 cantum
834 4073 989 4127 rnernorat
1026 4058 1159 4149 Trypho
1196 4058 1282 4150 apud

183 4181 301 4248 Athen.
323 4182 419 4257 xlv,
446 4206 478 4271 p.
498 4184 564 4246 618
589 4180 627 4249 (l.
655 4206 684 4249 ν.
714 4184 854 4250 Meinelr.
882 4181 1005 4249 Delect.
1041 4205 1076 4271 p.
1096 4187 1169 4250 111.
1220 4182 1282 4270 Qui

185 4303 286 4371 rnultu
309 4305 414 4391 aptius
437 4304 501 4370 dici
521 4315 612 4391 putat
641 4304 785 4390 Satyrum
818 4302 1073 4371 adolescentibus
1104 4308 1147 4371 ita
1169 4306 1281 4371 larissa
