2932 5108
621 334 825 396 -140-

179 518 349 611 ptionibus
369 533 477 585 autem
507 540 555 585 res
578 519 661 584 taeta
693 532 944 608 propterquam
969 540 1084 584 munus
1111 518 1170 585 diis
1193 519 1282 587 dieo·

181 654 232 709 tur
254 641 425 709 memorari
456 639 548 708 solet.
596 640 675 708 Ideo
700 662 795 729 supro
826 641 859 705 in
893 639 1055 707 Leonidae
1080 643 1141 731 ep.
1172 643 1213 710 A.
1241 643 1277 710 Ρ.

179 761 247 837 v1,
270 784 303 831 c.
318 766 396 832 293.
418 769 452 831 o.
477 763 588 851 scripsi
608 759 718 828 οίίνεκω
736 785 796 852 pro
816 760 916 837 ῆνίκω.
966 762 1127 829 Posterior
1148 785 1279 852 qooqoe

178 904 215 949 ex
235 882 358 950 duabus
381 882 543 952 Leonidae
565 883 831 973 inscriptionibus
853 883 938 949 malo
959 906 977 948 a
1002 883 1144 948 librariis
1168 882 1279 949 habita

138 990 143 999 ’
176 1003 315 1073 necdum
349 1029 367 1071 a
400 1005 522 1071 criticis
554 1005 706 1095 pristinae
737 1005 916 1093 integritati
944 1006 1091 1071 restituta
1124 1017 1184 1074 est.
1240 1005 1279 1071 ln

178 1143 226 1194 vs.
251 1129 283 1193 4.
308 1147 367 1214 pro
385 1126 444 1190 ἀπ’
465 1124 572 1191 ὠδίνων
594 1124 800 1191 scribendum
822 1137 924 1214 puto:
948 1124 1145 1192 ὑπ’ὠδίνων.
1191 1123 1279 1191 111ωο

178 1266 245 1335 quo
273 1266 367 1311 sensu
399 1244 519 1311 Graece
551 1244 704 1321 dicatur,
737 1245 857 1311 docent
887 1247 929 1313 A.
954 1247 990 1316 P.
1013 1247 1100 1328 Vll,
1136 1268 1166 1315 e.
1187 1250 1218 1314 4.
1245 1249 1278 1314 8.

176 1363 291 1446 μητρὸς
309 1366 368 1430 ἄπ’
389 1362 497 1429 ὠδίνων
513 1361 624 1442 δέξωτο
643 1363 809 1439 Λητοΐδην.
834 1366 914 1433 363.
930 1370 962 1433 8.
987 1370 1051 1449 Φεῦ
1071 1366 1278 1448 μωκοιρισποί,

175 1483 260 1553 dorm
287 1484 347 1551 ἀπ’
378 1485 486 1553 ὠδίνων
517 1487 571 1551 οὐκ
595 1484 657 1551 ίδον
688 1484 797 1562 sidereo.
845 1485 955 1552 infans
991 1488 1089 1576 igitur
1120 1485 1192 1569 ζωδς
1222 1489 1280 1552 ἀπ’

177 1605 285 1675 ὠδίνων
307 1619 355 1673 eet
380 1623 496 1673 »natur
526 1607 654 1684 rivus,”
681 1607 768 1696 qood
790 1606 852 1673 hoc
875 1606 969 1686 loco,
995 1607 1054 1674 ubi
1075 1606 1149 1690 ζωόν
1167 1630 1225 1697 per
1247 1630 1280 1676 ee

178 1860 267 1916 ctum
282 1859 323 1914 ut
341 1848 395 1913 ὑπ’
415 1848 543 1921 οὐκῶν.
568 1846 627 1913 ὑπὸ
649 1846 825 1931 συρίγγων,
850 1850 909 1915 ὑπὸ
932 1850 1109 1929 μωσπίνων.
1155 1850 1220 1918 Sed
1240 1872 1280 1918 ne

178 1965 381 2059 sicquidem
415 1969 520 2034 omnia
560 1969 656 2058 plane
684 1968 772 2035 dicta
802 1968 884 2035 mihi
917 1968 1079 2040 ridentur.
1136 1968 1218 2039 Nom
1245 1969 1278 2035 io

176 2089 285 2180 priore
308 2088 440 2156 alterius
462 2087 594 2154 distichi
616 2111 707 2157 vorsu
734 2089 893 2180 iungenda
923 2102 1017 2159 suot:
1045 2090 1081 2156 ἐκ
1104 2089 1194 2157 σθκον
1216 2090 1279 2168 βω-

174 2210 360 2293 ρννοροένης,
386 2224 423 2277 ut
447 2209 585 2277 Theocr.
606 2210 724 2291 xvlt,·
749 2214 808 2279 61.
856 2210 1040 2291 Ἀντιγόνοις
1060 2211 1201 2292 θνγώπηρ
1222 2211 1279 2289 βε-

175 2327 343 2414 βωρημὲνω
373 2328 537 2397 ὠδίνεσσιν.
570 2327 658 2399 (tall.
691 2329 763 2398 ltot.
785 2333 864 2401 202.
899 2334 1030 2412 andreas?
1060 2333 1113 2400 ὑπ’
1144 2331 1277 2399 ὠδίνεσσι

176 2450 387 2536 βωρννσροίνην
414 2450 539 2535 ὄρθωσιν.
588 2450 695 2518 Verbo
719 2452 931 2533 βωρννομένης
963 2454 1134 2544 apperitus¹
1153 2475 1279 2520 accusa-

178 2575 263 2641 tivus
289 2572 389 2649 νηδθν.
436 2570 502 2639 sed
530 2573 575 2639 ita
601 2573 684 2647 mire
716 2573 862 2640 dierum:
896 2573 997 2641 λώσωο
1022 2574 1112 2651 πῆςδε
1139 2574 1280 2659 βρέφος,

179 2694 237 2760 ubi
268 2706 324 2758 aut
355 2692 627 2783 praepositionem
653 2691 795 2759 additam
829 2693 980 2761 malueris
1012 2706 1067 2760 out
1094 2692 1183 2759 aliud
1211 2717 1281 2760 rer·

179 2817 257 2882 bum
286 2826 509 2905 exspectasses.
562 2812 654 2899 Quod
683 2813 754 2880 aliis
783 2816 934 2906 reperire.
963 2796 1124 2906 obtingat.¹
1168 2816 1223 2883 Vs.
1246 2818 1279 2883 2.

180 2946 369 3025 corruptum
403 2945 471 3001 eat:
505 2931 615 3017 ὕπερθε
644 2935 746 3016 θνρών.
793 2934 955 3025 Corniger
991 2936 1159 3021 παρθενίων
1193 2936 1280 3012 θῆκεν

180 3056 239 3126 θπδ
260 3055 429 3140 προθώρων,
455 3055 505 3122 rol
520 3054 760 3137 ε’πίπροθώρων.
810 3057 853 3126 Ut
876 3056 1083 3147 Asclepiades
1107 3058 1148 3125 A.
1171 3056 1208 3126 P.
1230 3057 1279 3134 V,

181 3182 259 3250 202.
278 3182 311 3247 2.
358 3180 521 3257 necorde
540 3177 679 3251 εώίππων
699 3180 787 3255 θῆκεν
807 3178 858 3244 ἐπὶ
877 3177 1036 3262 προθώρων.
1061 3177 1126 3257 vl,
1151 3200 1181 3246 c.
1203 3183 1279 3247 157.

182 3305 215 3369 4.
240 3303 319 3368 216.
341 3304 374 3367 3.
407 3297 520 3381 ῥάβδον
544 3299 596 3366 ἐπὶ
629 3299 795 3382 προθύροισι
825 3298 968 3367 Πόσειδον
999 3296 1119 3366 ὠνθεπο.
1149 3321 1179 3368 o.
1202 3302 1279 3367 251.

183 3423 215 3487 6.
239 3419 317 3502 δῶρον
337 3420 508 3502 Πριηπείων
528 3422 616 3497 θῆκεν
635 3420 686 3487 ε’πί
710 3420 869 3503 προθθρων.
895 3423 974 3488 293.
1001 3423 1035 3488 6.
1061 3427 1208 3495 σπεπτοῖς
1228 3422 1280 3498 θῆ-

182 3564 234 3607 κεν
254 3539 306 3606 ἒπὶ
334 3538 496 3623 προθύροις.
545 3539 705 3608 Similiter
725 3541 794 3619 VI,
824 3544 899 3610 172.
926 3541 982 3623 πρὸ
1005 3540 1167 3617 πωσσώδος
1191 3543 1282 3627 ῆώρη-

182 3688 218 3728 σε
248 3667 363 3728 τοῦτον.
391 3665 469 3730 277.
501 3667 534 3733 2.
566 3663 611 3730 σοί
649 3662 765 3729 πλόκον
799 3662 912 3736 οἰκείως
954 3660 1040 3727 πίνδε
1071 3663 1199 3730 λέλοιπε
1231 3662 1280 3728 κί-

182 3810 244 3862 θθς
276 3782 416 3864 Ἀρσινόη
439 3783 521 3850 θνίεν
549 3788 622 3867 πωρ’
658 3784 834 3867 ὠνοίκπορνν.
893 3782 944 3852 Ad
978 3783 1064 3850 idem
1100 3782 1280 3872 inscriptio·

182 3928 261 3972 num
281 3925 380 3993 genos
398 3903 602 3971 referendum
622 3907 717 3971 ctiam
739 3904 853 3971 Niciae
873 3905 1069 3995 epigramma
1092 3905 1132 3970 A.
1152 3903 1187 3969 Ρ.
1208 3901 1277 3979 vl,

183 4026 262 4092 270.

274 4147 531 4229 ’Acceptum
556 4146 709 4227 κρήδεμνα
734 4144 786 4210 κοί
811 4146 986 4213 ὠδονπθεσσοο
1009 4141 1177 4224 nortorps

363 4271 531 4347 Είλῆθνιω,
558 4272 633 4341 raris
654 4274 755 4333 κείπωι
781 4270 855 4351 ὑπὲρ
875 4270 1042 4352 κεφωλίνς,
