2932 5108
633 352 835 415 -164—

182 534 296 603 boram
320 537 353 601 in
377 536 417 603 Δ.
438 533 562 615 mx.
586 536 778 607 713-713.
802 555 867 602 non
888 535 1007 626 scripta
1025 531 1127 601 rideri
1148 554 1187 599 eo
1203 550 1283 600 cou-

177 656 256 723 ailio
290 669 327 723 ut
358 654 465 723 looum
497 678 703 725 communem
738 653 872 723 dirersis
909 653 1088 723 rationibus
1121 653 1284 742 eleganter

179 779 388 845 enuntiarent
408 788 546 868 poetae,
571 776 626 844 sed
647 797 757 843 resera
780 773 954 866 descriptas
982 776 1080 843 luisse
1099 775 1283 866 inscriptio-

182 920 240 965 nos
270 919 308 965 os
340 896 533 987 imaginibus
572 896 725 988 expressis
755 918 792 963 ex
836 906 1036 987 prototypo,
1072 911 1106 962 et
1132 896 1283 986 eampis,

179 1039 266 1108 quae
288 1015 373 1085 brad
395 1015 495 1085 dubie
512 1015 653 1107 plurima
676 1037 813 1083 numero
833 1014 928 1083 sodes
950 1018 1151 1109 privatorum
1176 1014 1286 1083 bomi-

181 1162 259 1206 num
281 1138 454 1208 ornrbant.
501 1136 552 1205 lta
570 1149 652 1229 puto
674 1136 773 1205 etiam
796 1136 859 1204 alia
878 1139 1107 1229 epigrammate
1127 1137 1284 1227 inscripta

181 1262 278 1327 fuisse
305 1257 424 1327 tabulis
448 1258 584 1350 sapiatis
606 1256 647 1325 ad
667 1256 831 1348 exemplar
860 1256 989 1326 tabulae
1007 1280 1026 1325 a
1045 1257 1177 1325 summis
1203 1257 1285 1323 arai·

181 1380 294 1448 lioibus
324 1380 445 1471 plotae.
496 1378 669 1469 correptio
702 1379 827 1469 primae
863 1376 1005 1469 syllabae
1036 1378 1070 1445 in
1102 1375 1285 1463 θφοομθνος

181 1503 223 1570 A.
242 1499 280 1570 Ρ.
300 1501 369 1582 Vl,
393 1502 472 1571 247.
497 1506 530 1570 5.
555 1511 588 1570 et
605 1500 673 1592 ipss
697 1499 811 1568 idonea
831 1512 920 1569 earet
939 1500 1155 1580 auctoritate,
1180 1520 1282 1591 quum

180 1624 213 1690 in
234 1621 347 1690 oodioe
369 1635 457 1689 reate
478 1621 637 1711 seriptum
662 1622 727 1689 aits

360 1742 414 1809 aet
437 1738 575 1825 τοὶλονρον·
596 1740 733 1824 exaltato
757 1740 961 1825 θφονομθνον,

181 1862 268 1955 quod
290 1863 442 1955 imperite
469 1864 503 1931 ia
528 1860 697 1945 οχοθνονονν
718 1873 899 1933 mutarunt.
945 1862 1096 1931 Formam
1119 1861 1285 1954 analogiae

178 1984 343 2053 adversam
364 1982 663 2068 τροχνλοθνομθτης
685 1997 774 2052 route
793 1983 923 2063 sustulit
941 1984 1121 2053 Moinekius
1144 2008 1179 2075 p.
1192 1987 1281 2055 220:

179 2104 307 2192 ἐξεοθρη
327 2105 395 2187 lx,
421 2108 477 2174 50.
503 2110 537 2174 5.
573 2106 658 2175 inter
684 2104 860 2205 ringulamjr
884 2106 998 2173 ralerri
1017 2106 1156 2197 nequit,
1181 2128 1284 2199 quum

179 2228 344 2317 correptio
361 2225 559 2317 penultimae
579 2224 720 2314 legitima
742 2224 805 2304 sit;
829 2224 1047 2309 ἄνοδρθμοτον
1070 2248 1130 2316 pro
1147 2225 1284 2309 atrupa-

179 2353 290 2427 μεῒτννν
322 2343 509 2437 Philippum
530 2342 604 2427 lx,
635 2351 715 2415 575.
749 2345 888 2412 aliorum
928 2345 1075 2438 exemplo
1119 2347 1285 2438 aoripsissa

180 2466 395 2559 probabiliter
417 2467 528 2534 statuit
560 2465 774 2535 Bnttmannus
801 2465 945 2535 Gramm.
964 2466 994 2536 1.
1019 2491 1054 2557 p.
1075 2469 1182 2550 398.;
1207 2464 1283 2558 plu·

180 2590 270 2656 ribus
297 2589 393 2655 etiarn
417 2607 589 2655 eommune
615 2598 665 2654 eat
687 2583 791 2663 ἔλθη,
816 2585 905 2676 quod
928 2585 1047 2676 legitur
1066 2587 1140 2667 lv.
1160 2591 1195 2659 2.
1224 2590 1279 2660 12.

178 2721 212 2776 et
235 2708 302 2787 Vl,
329 2710 405 2777 102.
431 2710 485 2777 6..
1088 2788 1091 2793 ¹

269 2826 323 2893 arati
342 2824 446 2893 οθκνον
466 2824 648 2909 χνοάοντα,
668 2825 725 2893 τὸν
748 2827 780 2893 ἕν
798 2824 935 2912 φθλλονς
955 2825 1133 2905 τεθοκοθτην

359 2946 413 3014 καὶ
435 2945 551 3029 ντθρκην
573 2945 629 3024 tta
651 2945 859 3029 xpvroxirur'
877 2946 986 3025 ε’λοθνν.
1013 2975 1016 2979 ·

266 3067 339 3145 eol,
362 3067 548 3153 φνλοθῖτον
570 3066 712 3151 Πρθντο,
736 3065 944 3153 φυτοσκάφος
963 3066 1073 3136 ἄνθετο
1091 3068 1213 3151 Aigoua

359 3189 491 3275 δένδρεον
510 3189 564 3256 κον)
586 3190 687 3270 γνθονς
710 3185 881 3270 εὐξάμενος
904 3188 1053 3257 trottae.

177 3312 215 3380 ln
240 3333 306 3401 quo
328 3311 427 3377 miror
452 3310 604 3399 Priapum
628 3311 812 3379 villicorum
835 3310 932 3379 deum
954 3324 987 3379 et
1008 3310 1143 3380 rubrum
1167 3309 1280 3379 borto-

177 3454 251 3499 rum
273 3430 439 3498 custodem
471 3428 536 3499 diei
566 3430 725 3498 viatorum
755 3429 851 3500 deum
882 3431 1078 3512 tutelarem,
1104 3453 1205 3524 quum
1225 3429 1280 3499 elai

102 3608 114 3631 ,
177 3573 294 3618 munus
322 3551 364 3617 ait
390 3550 489 3618 fures·
503 3549 641 3617 viatores
662 3550 765 3620 bortis
786 3572 908 3622 aroare.
954 3550 1081 3620 Codicis
1105 3552 1204 3643 igitur
1226 3552 1280 3620 la-

174 3675 244 3740 otio
272 3670 433 3757 φνλοθῆτον
452 3682 518 3737 noa
550 3670 626 3743 satis
648 3682 738 3737 reete
765 3670 933 3739 emendata
956 3670 1096 3742 ridetur.
1116 3711 1121 3717 ·
1143 3674 1279 3742 Restant

176 3795 209 3860 in
231 3791 376 3883 Philippi
393 3790 592 3859 carminibus
613 3791 729 3858 vitiosa
746 3787 915 3874 πνρντθκον
934 3791 967 3858 in
986 3792 1049 3884 up.
1068 3794 1134 3875 Vl,
1160 3796 1216 3863 90.
1242 3797 1277 3865 6.

180 3973 184 3979 .
285 3923 289 3933 “
311 3914 393 3982 λθθον
414 3936 452 3983 τε
474 3911 605 3989 νννθτονς
624 3911 755 3997 ἑσπέρης
778 3910 970 3995 repertae,

176 4036 266 4126 quod
295 4035 500 4104 mutarerim
516 4033 549 4101 in
572 4030 784 4117 τνροντθνον,
808 4044 846 4099 ut
864 4033 931 4112 Vl,
956 4038 1012 4103 27.
1039 4038 1072 4103 1.
1103 4033 1158 4099 nat
1192 4032 1278 4101 λθθον

174 4157 336 4241 ἀντιτύπῳ
357 4156 529 4244 κροθομντν
552 4151 748 4239 πορσοτθκον.
776 4156 832 4224 20.
858 4158 891 4225 5.
922 4152 975 4220 saul
1006 4151 1128 4238 μντθρον
1155 4158 1278 4237 πυρσῶν

175 4276 265 4358 aritio
287 4278 390 4355 λθθον,
416 4290 449 4348 et
474 4278 639 4369 oorroptlo
664 4273 806 4364 syllabae
834 4273 947 4365 longae
969 4273 1001 4339 in
1023 4273 1092 4356 Vl,
1119 4274 1193 4340 103.
1219 4279 1252 4346 5.
