2932 5108
638 329 807 389 ...55-

182 517 287 586 brarit
310 527 342 582 et
367 515 515 581 virtutem
540 512 663 578 ornavit
691 510 871 590 Philiscus,
895 509 1054 578 indicatur
1079 531 1156 579 roca
1184 508 1277 590 tore

181 661 227 707 rs.
247 644 280 704 5.
327 635 365 703 lu
385 631 523 700 secundo
546 628 687 698 disticho
708 630 914 698 scribendum
931 642 1031 723 pulos

273 757 315 837 τῷ
335 754 398 837 γὰρ
418 754 450 829 ἐς
467 751 549 819 ἄλλο
570 776 600 819 σι
620 758 712 832 σῶμα
729 752 968 835 columnellam
989 753 1041 821 real
1059 751 1169 826 ἄλλοις
1197 796 1200 801 -

314 877 347 943 ἐν
366 875 506 957 κόσμοισι
527 874 598 953 βίον
622 883 737 956 σχῆμα
759 873 891 957 κσιχόνθ’
911 873 1011 956 ἕτερον
1035 877 1100 941 κσὲ.

182 999 263 1069 Nam
283 998 355 1078 βίον
375 1004 468 1077 σῶμα
493 997 640 1087 ineptum
660 1009 730 1075 est,
756 997 809 1063 sed
829 996 900 1074 βίον
917 1006 1034 1078 σχῆμα
1053 996 1180 1086 saepius
1200 992 1280 1082 legi·

183 1133 234 1187 tur
256 1133 292 1186 ut
317 1116 403 1211 apud
422 1119 503 1187 llur.
527 1115 614 1184 Med.
640 1139 685 1207 σι.
707 1118 806 1184 1039.
831 1118 874 1190 εἰς
893 1114 976 1184 ἄλλο
995 1117 1100 1198 σχῆμ’
1119 1113 1282 1182 ἀπιστάν-

180 1264 233 1315 σες
252 1239 334 1319 βίον.
384 1238 503 1305 Versus
532 1248 636 1302 sertus
665 1236 781 1326 partim
811 1259 848 1303 er
880 1235 1082 1316 Marklandi‚
1107 1237 1225 1327 partim
1243 1256 1280 1301 ex

181 1357 430 1449 Wgttenbachii
452 1358 610 1427 sententia
632 1356 820 1425 emendatus
842 1371 900 1425 eat.
950 1356 1105 1427 Codicum
1126 1358 1281 1425 lectiones

182 1493 277 1550 sunt:
301 1480 385 1547 δύνσι
410 1477 643 1563 κιεσσιφθιμέκεν
660 1477 713 1544 recl
734 1479 820 1562 σοφῷ
839 1475 1005 1546 diducam.
1054 1479 1097 1547 Et
1112 1476 1199 1544 κσισσὶ
1220 1475 1283 1547 hoc

183 1623 275 1668 aenan
287 1600 431 1692 genitivo
443 1600 533 1689 iungi
551 1610 695 1679 constat,
720 1610 757 1665 ut
776 1597 873 1664 cuasa
889 1599 975 1665 κιισόι
994 1599 1089 1678 βυθοῦ
1111 1596 1231 1667 Athen.
1243 1597 1280 1676 l,

183 1723 239 1790 22.
264 1720 299 1785 in
310 1720 369 1789 fin.
391 1718 545 1799 Paus.V,
564 1722 620 1788 25.
650 1724 681 1787 1.
704 1721 810 1796 ἦνκῦε
823 1719 976 1802 ἠφανίσθη
989 1720 1075 1788 aar&
1094 1719 1281 1799 σσῦβυθσῦ,

183 1852 220 1908 ut
238 1838 361 1910 Herod.
382 1841 467 1920 Vll,
492 1843 524 1908 6.
550 1842 584 1908 ci
613 1838 665 1906 ἐπὶ
685 1842 814 1921 Λήμνου
837 1842 1030 1922 ἐπικείμεναι
1054 1850 1136 1919 νῆσοι
1164 1843 1282 1925 ἀφανι-

182 1961 285 2047 (alere
305 1962 392 2031 κιεσσὶ
411 1960 665 2039 aristotelem,
690 1961 778 2031 Plnt.
800 1962 914 2036 Moral.
941 1988 975 2053 p.
994 1966 1056 2031 831
1080 1964 1119 2033 lt.
1143 1964 1281 2030 cllsiolau

183 2084 270 2151 κσετσὶ
280 2084 396 2164 βυθοῦ.
417 2080 586 2173 Philippus
608 2081 885 2160 A.1’.v11.382.
905 2087 938 2150 5.
962 2082 1134 2162 ἢσύμβσνε
1147 2088 1284 2151 κσικσῦσσι

183 2205 252 2272 ucl'
283 2202 414 2281 illaesae,
450 2204 493 2277 cl.
529 2204 671 2273 Mainel.
716 2203 844 2271 Delect.
878 2202 990 2292 Ilpigr.
1026 2227 1060 2294 p.
1084 2207 1161 2273 129.
1219 2202 1284 2271 sar

183 2326 274 2393 raldo
291 2324 408 2393 dubito
432 2347 510 2391 num
530 2326 652 2391 mortui
672 2322 737 2389 dici
758 2322 880 2411 possint
900 2323 986 2389 δῦνκι
1010 2324 1096 2390 κατὰ
1115 2323 1282 2406 corperea

186 2444 291 2529 Quare
312 2444 459 2531 corrigo:

343 2561 433 2641 δῶμα
454 2560 541 2626 κατὰ
562 2557 718 2644 Φθιμένων
741 2596 786 2608 -
808 2559 975 2643 ἀθανάτῳ,

183 2683 224 2755 (lc
256 2684 390 2773 reliquis
421 2681 642 2771 ampliandum
675 2692 773 2752 ratus.
826 2681 862 2765 Si
897 2683 999 2772 igitur
1028 2705 1123 2753 uuam
1148 2707 1284 2776 escape·

185 2807 231 2875 ria
262 2804 427 2895 Euripidis
459 2802 595 2894 elegiam
618 2802 760 2871 flabilem
786 2804 819 2869 in
842 2803 1003 2895 tragoedia
1036 2804 1283 2889 Andromache,

186 2927 311 2997 nullum
333 2927 401 2995 fare
422 2938 496 2994 ante
518 2924 725 2994 Parthenium
748 2950 767 2993 n
791 2927 895 3016 poetis
920 2927 1049 2997 Graecis
1072 2951 1202 2997 carmen
1219 2929 1286 2999 ele·

186 3050 309 3140 giacum
328 3048 482 3139 scriptum
502 3049 643 3138 reperies
664 3070 730 3138 quo
756 3048 994 3115 miserationem
1021 3070 1149 3117 morere
1172 3053 1286 3118 studu-

186 3171 283 3243 erint.
329 3169 399 3241 lam
413 3214 416 3219 -
431 3190 506 3236 uero
530 3171 557 3236 ai
576 3169 702 3259 quaeris
726 3168 812 3237 unde
833 3169 1011 3237 manaverit
1030 3173 1211 3237 communis
1231 3170 1287 3238 illa

186 3305 221 3363 et
245 3289 433 3382 pervulgata
456 3291 540 3358 lama
562 3288 603 3357 de
625 3288 756 3381 lugubri
780 3289 956 3378 elegiarum
979 3304 1193 3379 argumento,
1217 3314 1286 3358 ma·

189 3415 271 3481 rime
288 3413 372 3481 inter
391 3412 584 3479 recentiores
607 3431 717 3500 sparso
736 3432 773 3476 er
793 3407 901 3477 0ridii
924 3408 1090 3480 reraibus:

278 3531 414 3603 Flebilis
433 3530 602 3623 indignos,
627 3531 779 3620 Elegeia,
803 3530 889 3598 solve
910 3530 1069 3622 capillos,

325 3653 365 3719 ah
388 3655 481 3721 nimia
504 3678 541 3721 er
561 3677 637 3723 roro
659 3675 745 3720 nunc
765 3653 825 3720 tibi
841 3675 958 3721 nomen
981 3658 1065 3733 erit,

189 3776 340 3870 equidem
365 3772 459 3841 huius
481 3778 529 3843 rei
551 3799 660 3843 causas
693 3774 772 3841 hinc
792 3775 979 3866 repetendas
1002 3788 1095 3866 puto.
1142 3777 1218 3845 uuir
1238 3777 1288 3844 in·

191 3915 240 3969 ter
259 3897 497 3986 antiquissimos
521 3899 657 3966 Graecos
689 3896 802 3964 modus
823 3896 960 3963 canendi
982 3900 1020 3964 ad
1050 3898 1160 3964 tibiam
1183 3898 1288 3964 dictus

186 4023 347 4101 Ἔλεγοι,
374 4017 415 4085 de
434 4041 498 4109 quo
521 4019 713 4087 Plutarchus
736 4018 776 4087 de
801 4018 915 4088 Music.
940 4042 970 4088 o.
997 4025 1029 4087 4.
1051 4022 1077 4085 ol
1100 4020 1132 4086 δὲ
1157 4019 1240 4101 νόμοι
1261 4024 1287 4087 ol

191 4141 277 4209 κσισᾶι
295 4139 440 4214 τούτους.
465 4135 567 4219 ὦγαθὲ
588 4142 829 4224 Ὀνησίκρατες,
854 4139 1015 4223 αὐλῳδικοὶ
1040 4137 1133 4217 ἦσαν,
1159 4143 1288 4208 Ἀπόθε-

193 4288 267 4339 σσς,
300 4266 460 4341 ’Έλεγσς,
502 4259 712 4344 Κωμάρχιος,
751 4263 921 4345 Σχοινίων,
958 4261 1103 4340 Κηπίων,
1140 4266 1288 4347 Τετραοί-
