<?xml version="1.0" encoding="UTF-8"?>
<!DOCTYPE html PUBLIC "-//W3C//DTD XHTML 1.0 Transitional//EN"
    "http://www.w3.org/TR/xhtml1/DTD/xhtml1-transitional.dtd">
<html xmlns="http://www.w3.org/1999/xhtml" xml:lang="en" lang="en">
 <head>
  <title>
</title>
<meta http-equiv="Content-Type" content="text/html;charset=utf-8" />
  <meta name='ocr-system' content='tesseract 3.04.00' />
  <meta name='ocr-capabilities' content='ocr_page ocr_carea ocr_par ocr_line ocrx_word'/>
</head>
<body>
  <div class='ocr_page' id='page_1' title='image "./commentationisc01heckgoog_0032.png"; bbox 0 0 2932 5108; ppageno 0'>
   <div class='ocr_carea' id='block_1_1' title="bbox 636 398 815 462">
    <p class='ocr_par' dir='ltr' id='par_1_1' title="bbox 636 398 815 462">
     <span class='ocr_line' id='line_1_1' title="bbox 636 398 815 462; baseline -0.006 -17"><span class='ocrx_word' id='word_1_1' title='bbox 636 398 815 462; x_wconf 63' lang='lat'><strong>...19-</strong></span> 
     </span>
    </p>
   </div>
   <div class='ocr_carea' id='block_1_2' title="bbox 119 587 1283 2957">
    <p class='ocr_par' dir='ltr' id='par_1_2' title="bbox 119 587 1283 2957">
     <span class='ocr_line' id='line_1_2' title="bbox 182 587 1270 678; baseline 0 -24"><span class='ocrx_word' id='word_1_2' title='bbox 182 589 283 673; x_wconf 79' lang='lat' dir='ltr'><strong>Quem</strong></span> <span class='ocrx_word' id='word_1_3' title='bbox 315 599 549 677; x_wconf 86' lang='lat' dir='ltr'><strong>pentametrum</strong></span> <span class='ocrx_word' id='word_1_4' title='bbox 580 587 684 652; x_wconf 91' lang='lat' dir='ltr'><strong>minus</strong></span> <span class='ocrx_word' id='word_1_5' title='bbox 706 597 800 652; x_wconf 83' lang='lat' dir='ltr'><strong>recte</strong></span> <span class='ocrx_word' id='word_1_6' title='bbox 831 589 1074 677; x_wconf 86' lang='lat' dir='ltr'><strong>interpretatum</strong></span> <span class='ocrx_word' id='word_1_7' title='bbox 1099 600 1178 678; x_wconf 91' lang='lat' dir='ltr'><strong>pute</strong></span> <span class='ocrx_word' id='word_1_8' title='bbox 1203 591 1270 657; x_wconf 80' lang='lat' dir='ltr'><strong>Eu·</strong></span> 
     </span>
     <span class='ocr_line' id='line_1_3' title="bbox 180 702 1269 796; baseline 0 -22"><span class='ocrx_word' id='word_1_9' title='bbox 180 709 334 776; x_wconf 81' lang='lat' dir='ltr'><strong>stathiunt</strong></span> <span class='ocrx_word' id='word_1_10' title='bbox 358 707 520 776; x_wconf 73' lang='lat' dir='ltr'><strong>ad&#39;llutn.</strong></span> <span class='ocrx_word' id='word_1_11' title='bbox 545 704 608 775; x_wconf 91' lang='lat' dir='ltr'><strong>0d.</strong></span> <span class='ocrx_word' id='word_1_12' title='bbox 634 728 669 796; x_wconf 87' lang='lat' dir='ltr'><strong>p.</strong></span> <span class='ocrx_word' id='word_1_13' title='bbox 684 708 745 784; x_wconf 84' lang='lat'><strong>63,</strong></span> <span class='ocrx_word' id='word_1_14' title='bbox 775 708 828 776; x_wconf 79' lang='lat'><strong>21.</strong></span> <span class='ocrx_word' id='word_1_15' title='bbox 860 702 958 774; x_wconf 74' lang='grc' dir='ltr'><em>ἰστέον</em></span> <span class='ocrx_word' id='word_1_16' title='bbox 980 707 1011 773; x_wconf 79' lang='grc' dir='ltr'><strong>δὲ</strong></span> <span class='ocrx_word' id='word_1_17' title='bbox 1033 706 1080 775; x_wconf 81' lang='grc' dir='ltr'><em>ίτι</em></span> <span class='ocrx_word' id='word_1_18' title='bbox 1100 708 1197 775; x_wconf 79' lang='grc' dir='ltr'><em>ιίίσιον</em></span> <span class='ocrx_word' id='word_1_19' title='bbox 1218 708 1269 774; x_wconf 71' lang='grc' dir='ltr'><strong>ἀεὶ</strong></span> 
     </span>
     <span class='ocr_line' id='line_1_4' title="bbox 178 827 1269 912; baseline 0 -16"><span class='ocrx_word' id='word_1_20' title='bbox 178 835 253 911; x_wconf 74' lang='grc' dir='ltr'><em>παρ’</em></span> <span class='ocrx_word' id='word_1_21' title='bbox 265 831 388 912; x_wconf 76' lang='grc' dir='ltr'><em>Ὀμιίριρ</em></span> <span class='ocrx_word' id='word_1_22' title='bbox 401 829 438 895; x_wconf 78' lang='grc' dir='ltr'><strong>τὸ</strong></span> <span class='ocrx_word' id='word_1_23' title='bbox 453 830 510 904; x_wconf 69' lang='grc' dir='ltr'><strong>σὴν</strong></span> <span class='ocrx_word' id='word_1_24' title='bbox 522 827 627 893; x_wconf 77' lang='grc' dir='ltr'><em>αἰτίαν</em></span> <span class='ocrx_word' id='word_1_25' title='bbox 642 828 700 893; x_wconf 79' lang='grc' dir='ltr'><strong>τοῦΙ</strong></span> <span class='ocrx_word' id='word_1_26' title='bbox 709 827 870 907; x_wconf 72' lang='grc' dir='ltr'><em>γινομένου</em></span> <span class='ocrx_word' id='word_1_27' title='bbox 887 828 976 911; x_wconf 79' lang='grc' dir='ltr'><em>ἔχον,</em></span> <span class='ocrx_word' id='word_1_28' title='bbox 996 831 1022 895; x_wconf 85' lang='lat' dir='ltr'><strong>ei</strong></span> <span class='ocrx_word' id='word_1_29' title='bbox 1040 828 1072 895; x_wconf 76' lang='grc' dir='ltr'><strong>δὲ</strong></span> <span class='ocrx_word' id='word_1_30' title='bbox 1084 832 1153 908; x_wconf 78' lang='grc' dir='ltr'><strong>μεθ’</strong></span> <span class='ocrx_word' id='word_1_31' title='bbox 1163 830 1269 909; x_wconf 81' lang='grc' dir='ltr'><em>Ὄμν-</em></span> 
     </span>
     <span class='ocr_line' id='line_1_5' title="bbox 179 945 1270 1031; baseline -0.001 -15"><span class='ocrx_word' id='word_1_32' title='bbox 179 974 227 1031; x_wconf 90' lang='grc' dir='ltr'><strong>ρον</strong></span> <span class='ocrx_word' id='word_1_33' title='bbox 246 949 298 1016; x_wconf 78' lang='grc' dir='ltr'><strong>καί</strong></span> <span class='ocrx_word' id='word_1_34' title='bbox 316 948 367 1016; x_wconf 76' lang='grc' dir='ltr'><strong>ἐπὶ</strong></span> <span class='ocrx_word' id='word_1_35' title='bbox 391 946 638 1023; x_wconf 61' lang='lat' dir='ltr'><strong>insulsitatem</strong></span> <span class='ocrx_word' id='word_1_36' title='bbox 657 945 742 1026; x_wconf 78' lang='grc' dir='ltr'><em>λέξιν</em></span> <span class='ocrx_word' id='word_1_37' title='bbox 759 948 915 1024; x_wconf 79' lang='grc' dir='ltr'><em>τιθέασιν,</em></span> <span class='ocrx_word' id='word_1_38' title='bbox 941 952 979 1023; x_wconf 78' lang='grc' dir='ltr'><strong>ὡς</strong></span> <span class='ocrx_word' id='word_1_39' title='bbox 998 949 1116 1025; x_wconf 75' lang='grc' dir='ltr'><em>δνλοίὸ</em></span> <span class='ocrx_word' id='word_1_40' title='bbox 1139 949 1270 1031; x_wconf 75' lang='grc' dir='ltr'><em>γριίψας</em></span> 
     </span>
     <span class='ocr_line' id='line_1_6' title="bbox 180 1066 1270 1150; baseline 0.002 -14"><span class='ocrx_word' id='word_1_41' title='bbox 180 1070 216 1136; x_wconf 80' lang='grc' dir='ltr'><strong>τὸ</strong></span> <span class='ocrx_word' id='word_1_42' title='bbox 247 1068 377 1144; x_wconf 81' lang='grc' dir='ltr'><em>»αίσιος</em></span> <span class='ocrx_word' id='word_1_43' title='bbox 395 1106 441 1119; x_wconf 89' lang='grc'>-</span> <span class='ocrx_word' id='word_1_44' title='bbox 459 1066 705 1150; x_wconf 70' lang='grc' dir='ltr'><em>Καλλιμάχον”</em></span> <span class='ocrx_word' id='word_1_45' title='bbox 738 1069 833 1147; x_wconf 63' lang='lat' dir='ltr'><strong>lycus</strong></span> <span class='ocrx_word' id='word_1_46' title='bbox 848 1068 1010 1145; x_wconf 76' lang='grc' dir='ltr'><em>ὑπεύθυνος</em></span> <span class='ocrx_word' id='word_1_47' title='bbox 1035 1071 1088 1136; x_wconf 84' lang='grc' dir='ltr'><strong>καί</strong></span> <span class='ocrx_word' id='word_1_48' title='bbox 1115 1069 1270 1145; x_wconf 80' lang='grc' dir='ltr'><em>ιιολοίσοιις</em></span> 
     </span>
     <span class='ocr_line' id='line_1_7' title="bbox 180 1187 1283 1281; baseline 0.003 -26"><span class='ocrx_word' id='word_1_49' title='bbox 180 1189 283 1270; x_wconf 70' lang='grc' dir='ltr'><em>ἄξιος,</em></span> <span class='ocrx_word' id='word_1_50' title='bbox 310 1212 407 1280; x_wconf 83' lang='lat' dir='ltr'><strong>qnam</strong></span> <span class='ocrx_word' id='word_1_51' title='bbox 427 1190 674 1281; x_wconf 77' lang='lat' dir='ltr'>explicationem</span> <span class='ocrx_word' id='word_1_52' title='bbox 695 1200 827 1279; x_wconf 89' lang='lat' dir='ltr'><strong>prepter</strong></span> <span class='ocrx_word' id='word_1_53' title='bbox 848 1187 935 1256; x_wconf 92' lang='lat' dir='ltr'><strong>hunc</strong></span> <span class='ocrx_word' id='word_1_54' title='bbox 956 1192 1061 1279; x_wconf 89' lang='lat' dir='ltr'><strong>ipsum</strong></span> <span class='ocrx_word' id='word_1_55' title='bbox 1078 1191 1212 1270; x_wconf 85' lang='lat' dir='ltr'><strong>locum,</strong></span> <span class='ocrx_word' id='word_1_56' title='bbox 1238 1206 1283 1258; x_wconf 87' lang='lat' dir='ltr'><strong>ut</strong></span> 
     </span>
     <span class='ocr_line' id='line_1_8' title="bbox 180 1309 1273 1401; baseline 0 -23"><span class='ocrx_word' id='word_1_57' title='bbox 180 1311 328 1390; x_wconf 82' lang='lat' dir='ltr'><strong>ridetur,</strong></span> <span class='ocrx_word' id='word_1_58' title='bbox 354 1309 525 1377; x_wconf 84' lang='lat' dir='ltr'><strong>c&#39;onlictam</strong></span> <span class='ocrx_word' id='word_1_59' title='bbox 549 1310 707 1399; x_wconf 90' lang='lat' dir='ltr'><strong>nulloque</strong></span> <span class='ocrx_word' id='word_1_60' title='bbox 738 1309 806 1375; x_wconf 72' lang='lat' dir='ltr'><strong>nlio&#39;</strong></span> <span class='ocrx_word' id='word_1_61' title='bbox 825 1309 896 1376; x_wconf 90' lang='lat' dir='ltr'><strong>loco</strong></span> <span class='ocrx_word' id='word_1_62' title='bbox 916 1309 1072 1378; x_wconf 87' lang='lat' dir='ltr'><strong>firmatam</strong></span> <span class='ocrx_word' id='word_1_63' title='bbox 1095 1310 1273 1401; x_wconf 72' lang='lat' dir='ltr'>probarunt</span> 
     </span>
     <span class='ocr_line' id='line_1_9' title="bbox 182 1429 1275 1501; baseline -0.001 -2"><span class='ocrx_word' id='word_1_64' title='bbox 182 1434 249 1501; x_wconf 87' lang='lat' dir='ltr'><strong>lere</strong></span> <span class='ocrx_word' id='word_1_65' title='bbox 268 1433 473 1500; x_wconf 86' lang='lat' dir='ltr'><strong>recentiores.</strong></span> <span class='ocrx_word' id='word_1_66' title='bbox 519 1429 602 1498; x_wconf 85' lang='lat' dir='ltr'><strong>llihi</strong></span> <span class='ocrx_word' id='word_1_67' title='bbox 621 1452 696 1497; x_wconf 83' lang='lat' dir='ltr'><strong>reno</strong></span> <span class='ocrx_word' id='word_1_68' title='bbox 717 1451 828 1498; x_wconf 86' lang='lat' dir='ltr'><strong>sensus</strong></span> <span class='ocrx_word' id='word_1_69' title='bbox 845 1446 913 1497; x_wconf 88' lang='lat' dir='ltr'><strong>esse</strong></span> <span class='ocrx_word' id='word_1_70' title='bbox 933 1429 1059 1497; x_wconf 83' lang='lat' dir='ltr'><strong>ridetur</strong></span> <span class='ocrx_word' id='word_1_71' title='bbox 1084 1429 1213 1498; x_wconf 87' lang='lat' dir='ltr'><strong>»huius</strong></span> <span class='ocrx_word' id='word_1_72' title='bbox 1234 1431 1275 1498; x_wconf 90' lang='lat' dir='ltr'><strong>de</strong></span> 
     </span>
     <span class='ocr_line' id='line_1_10' title="bbox 182 1549 1272 1643; baseline 0 -25"><span class='ocrx_word' id='word_1_73' title='bbox 182 1555 387 1643; x_wconf 77' lang='lat' dir='ltr'><strong>ingeniosae</strong></span> <span class='ocrx_word' id='word_1_74' title='bbox 418 1549 530 1616; x_wconf 91' lang='lat' dir='ltr'><strong>iudicii</strong></span> <span class='ocrx_word' id='word_1_75' title='bbox 553 1552 621 1640; x_wconf 88' lang='lat' dir='ltr'><strong>ipsc</strong></span> <span class='ocrx_word' id='word_1_76' title='bbox 643 1562 755 1617; x_wconf 88' lang='lat' dir='ltr'><strong>auctor</strong></span> <span class='ocrx_word' id='word_1_77' title='bbox 784 1552 906 1618; x_wconf 83' lang='lat' dir='ltr'><strong>exstitit</strong></span> <span class='ocrx_word' id='word_1_78' title='bbox 929 1549 1166 1630; x_wconf 82' lang='lat' dir='ltr'><strong>Callimachus,</strong></span> <span class='ocrx_word' id='word_1_79' title='bbox 1192 1554 1272 1619; x_wconf 90' lang='lat' dir='ltr'><strong>scri·</strong></span> 
     </span>
     <span class='ocr_line' id='line_1_11' title="bbox 182 1669 1276 1763; baseline 0.002 -25"><span class='ocrx_word' id='word_1_80' title='bbox 182 1674 245 1763; x_wconf 93' lang='lat' dir='ltr'><strong>ptis</strong></span> <span class='ocrx_word' id='word_1_81' title='bbox 266 1669 438 1740; x_wconf 76' lang='lat' dir='ltr'><strong>Gausunm</strong></span> <span class='ocrx_word' id='word_1_82' title='bbox 458 1670 587 1740; x_wconf 86' lang='lat' dir='ltr'><strong>lihris.&#39;’</strong></span> <span class='ocrx_word' id='word_1_83' title='bbox 627 1669 693 1737; x_wconf 84' lang='lat' dir='ltr'><strong>llas</strong></span> <span class='ocrx_word' id='word_1_84' title='bbox 713 1672 799 1736; x_wconf 89' lang='lat' dir='ltr'><strong>enim</strong></span> <span class='ocrx_word' id='word_1_85' title='bbox 819 1672 997 1737; x_wconf 84' lang='lat' dir='ltr'><strong>carminum</strong></span> <span class='ocrx_word' id='word_1_86' title='bbox 1018 1670 1118 1738; x_wconf 87' lang='lat' dir='ltr'><strong>libres</strong></span> <span class='ocrx_word' id='word_1_87' title='bbox 1138 1674 1276 1740; x_wconf 85' lang='lat' dir='ltr'><strong>maxime</strong></span> 
     </span>
     <span class='ocr_line' id='line_1_12' title="bbox 182 1785 1274 1883; baseline -0.001 -23"><span class='ocrx_word' id='word_1_88' title='bbox 182 1792 281 1860; x_wconf 87' lang='lat' dir='ltr'><strong>eriles</strong></span> <span class='ocrx_word' id='word_1_89' title='bbox 307 1789 340 1857; x_wconf 82' lang='lat' dir='ltr'><strong>et</strong></span> <span class='ocrx_word' id='word_1_90' title='bbox 373 1791 483 1880; x_wconf 79' lang='lat' dir='ltr'><strong>stipite</strong></span> <span class='ocrx_word' id='word_1_91' title='bbox 507 1789 620 1879; x_wconf 79' lang='lat' dir='ltr'><strong>dignes</strong></span> <span class='ocrx_word' id='word_1_92' title='bbox 650 1789 800 1857; x_wconf 84' lang='lat' dir='ltr'><strong>habuisse</strong></span> <span class='ocrx_word' id='word_1_93' title='bbox 825 1785 951 1857; x_wconf 81' lang='lat' dir='ltr'><strong>ridetur</strong></span> <span class='ocrx_word' id='word_1_94' title='bbox 975 1788 1190 1883; x_wconf 73' lang='lat' dir='ltr'><strong>Apollonius,</strong></span> <span class='ocrx_word' id='word_1_95' title='bbox 1209 1805 1274 1871; x_wconf 91' lang='lat' dir='ltr'><strong>ut,</strong></span> 
     </span>
     <span class='ocr_line' id='line_1_13' title="bbox 119 1908 1276 2000; baseline 0.002 -21"><span class='ocrx_word' id='word_1_96' title='bbox 119 1950 123 1957; x_wconf 93' lang='lat'>·</span> <span class='ocrx_word' id='word_1_97' title='bbox 184 1915 242 1979; x_wconf 85' lang='lat' dir='ltr'><strong>nisi</strong></span> <span class='ocrx_word' id='word_1_98' title='bbox 266 1912 359 1980; x_wconf 79' lang='lat' dir='ltr'><strong>detis</strong></span> <span class='ocrx_word' id='word_1_99' title='bbox 390 1910 567 2000; x_wconf 77' lang='lat' dir='ltr'><strong>scripsisset</strong></span> <span class='ocrx_word' id='word_1_100' title='bbox 599 1909 837 1992; x_wconf 82' lang='lat' dir='ltr'><strong>Callimachus,</strong></span> <span class='ocrx_word' id='word_1_101' title='bbox 861 1908 923 1979; x_wconf 91' lang='lat' dir='ltr'><strong>hcc</strong></span> <span class='ocrx_word' id='word_1_102' title='bbox 955 1911 996 1979; x_wconf 90' lang='lat' dir='ltr'><strong>de</strong></span> <span class='ocrx_word' id='word_1_103' title='bbox 1025 1915 1094 1981; x_wconf 87' lang='lat' dir='ltr'><strong>eius</strong></span> <span class='ocrx_word' id='word_1_104' title='bbox 1122 1914 1276 1981; x_wconf 85' lang='lat' dir='ltr'><strong>facultate</strong></span> 
     </span>
     <span class='ocr_line' id='line_1_14' title="bbox 182 2029 1277 2126; baseline -0.002 -26"><span class='ocrx_word' id='word_1_105' title='bbox 182 2035 305 2126; x_wconf 89' lang='lat' dir='ltr'><strong>poetica</strong></span> <span class='ocrx_word' id='word_1_106' title='bbox 327 2029 483 2098; x_wconf 89' lang='lat' dir='ltr'><strong>iudicium</strong></span> <span class='ocrx_word' id='word_1_107' title='bbox 505 2030 608 2097; x_wconf 84' lang='lat' dir='ltr'><strong>rideri</strong></span> <span class='ocrx_word' id='word_1_108' title='bbox 636 2033 736 2122; x_wconf 87' lang='lat' dir='ltr'><strong>possit</strong></span> <span class='ocrx_word' id='word_1_109' title='bbox 768 2034 927 2122; x_wconf 90' lang='lat' dir='ltr'><strong>iniquum.</strong></span> <span class='ocrx_word' id='word_1_110' title='bbox 973 2032 1062 2101; x_wconf 88' lang='lat' dir='ltr'><strong>Idem</strong></span> <span class='ocrx_word' id='word_1_111' title='bbox 1086 2033 1277 2124; x_wconf 82' lang='lat' dir='ltr'><strong>dpellcnius</strong></span> 
     </span>
     <span class='ocr_line' id='line_1_15' title="bbox 182 2150 1276 2242; baseline 0.001 -23"><span class='ocrx_word' id='word_1_112' title='bbox 182 2154 252 2220; x_wconf 86' lang='lat' dir='ltr'><strong>aliis</strong></span> <span class='ocrx_word' id='word_1_113' title='bbox 281 2170 411 2242; x_wconf 79' lang='lat' dir='ltr'><strong>quoque</strong></span> <span class='ocrx_word' id='word_1_114' title='bbox 438 2152 674 2242; x_wconf 73' lang='lat' dir='ltr'><strong>epigrammatis</strong></span> <span class='ocrx_word' id='word_1_115' title='bbox 705 2150 939 2220; x_wconf 72' lang='lat' dir='ltr'><strong>Callimachum</strong></span> <span class='ocrx_word' id='word_1_116' title='bbox 961 2152 1143 2231; x_wconf 81' lang='lat' dir='ltr'><strong>allatrasit,</strong></span> <span class='ocrx_word' id='word_1_117' title='bbox 1167 2168 1203 2221; x_wconf 91' lang='lat' dir='ltr'><strong>ut</strong></span> <span class='ocrx_word' id='word_1_118' title='bbox 1226 2155 1276 2220; x_wconf 91' lang='lat' dir='ltr'><strong>in·</strong></span> 
     </span>
     <span class='ocr_line' id='line_1_16' title="bbox 184 2266 1277 2363; baseline -0.001 -21"><span class='ocrx_word' id='word_1_119' title='bbox 184 2273 340 2363; x_wconf 75' lang='lat' dir='ltr'><strong>telligitur</strong></span> <span class='ocrx_word' id='word_1_120' title='bbox 358 2295 395 2338; x_wconf 91' lang='lat' dir='ltr'><strong>er</strong></span> <span class='ocrx_word' id='word_1_121' title='bbox 419 2266 590 2350; x_wconf 88' lang='lat' dir='ltr'><strong>lemmate,</strong></span> <span class='ocrx_word' id='word_1_122' title='bbox 616 2272 704 2362; x_wconf 90' lang='lat' dir='ltr'><strong>quud</strong></span> <span class='ocrx_word' id='word_1_123' title='bbox 724 2274 905 2342; x_wconf 74' lang='lat' dir='ltr'><strong>Antoninus</strong></span> <span class='ocrx_word' id='word_1_124' title='bbox 923 2273 1083 2342; x_wconf 77' lang='lat' dir='ltr'><strong>&#39;Liberalis</strong></span> <span class='ocrx_word' id='word_1_125' title='bbox 1104 2274 1277 2343; x_wconf 84' lang='lat' dir='ltr'><strong>Metamor-</strong></span> 
     </span>
     <span class='ocr_line' id='line_1_17' title="bbox 184 2391 1279 2483; baseline -0.001 -23"><span class='ocrx_word' id='word_1_126' title='bbox 184 2392 327 2483; x_wconf 87' lang='lat' dir='ltr'><strong>phesccn</strong></span> <span class='ocrx_word' id='word_1_127' title='bbox 340 2394 440 2482; x_wconf 90' lang='lat' dir='ltr'><strong>capiti</strong></span> <span class='ocrx_word' id='word_1_128' title='bbox 452 2391 576 2460; x_wconf 79' lang='lat' dir='ltr'><strong>XXlll.</strong></span> <span class='ocrx_word' id='word_1_129' title='bbox 603 2393 816 2481; x_wconf 88' lang='lat' dir='ltr'><strong>historiaeque</strong></span> <span class='ocrx_word' id='word_1_130' title='bbox 827 2392 867 2460; x_wconf 86' lang='lat' dir='ltr'><strong>de</strong></span> <span class='ocrx_word' id='word_1_131' title='bbox 881 2394 975 2460; x_wconf 89' lang='lat' dir='ltr'><strong>Battu</strong></span> <span class='ocrx_word' id='word_1_132' title='bbox 989 2443 997 2472; x_wconf 93' lang='lat'><strong>,</strong></span> <span class='ocrx_word' id='word_1_133' title='bbox 1012 2397 1069 2482; x_wconf 91' lang='lat' dir='ltr'><strong>qui</strong></span> <span class='ocrx_word' id='word_1_134' title='bbox 1082 2394 1279 2462; x_wconf 79' lang='lat' dir='ltr'><strong>Mercurium</strong></span> 
     </span>
     <span class='ocr_line' id='line_1_18' title="bbox 184 2511 1278 2598; baseline -0.002 -19"><span class='ocrx_word' id='word_1_135' title='bbox 184 2511 297 2580; x_wconf 87' lang='lat' dir='ltr'><strong>fraude</strong></span> <span class='ocrx_word' id='word_1_136' title='bbox 320 2512 419 2589; x_wconf 89' lang='lat' dir='ltr'><strong>lusit,</strong></span> <span class='ocrx_word' id='word_1_137' title='bbox 444 2511 627 2598; x_wconf 78' lang='lat' dir='ltr'><strong>inscripsit:</strong></span> <span class='ocrx_word' id='word_1_138' title='bbox 654 2513 769 2591; x_wconf 81' lang='grc' dir='ltr'><em>ἱστορεῖ</em></span> <span class='ocrx_word' id='word_1_139' title='bbox 791 2512 957 2593; x_wconf 78' lang='grc' dir='ltr'><em>Νίκανδρος</em></span> <span class='ocrx_word' id='word_1_140' title='bbox 976 2512 1224 2593; x_wconf 76' lang='grc' dir='ltr'><em>Ἑτεροιουμένων</em></span> <span class='ocrx_word' id='word_1_141' title='bbox 1243 2515 1278 2577; x_wconf 84' lang='grc' dir='ltr'><strong>α’</strong></span> 
     </span>
     <span class='ocr_line' id='line_1_19' title="bbox 184 2629 1277 2716; baseline -0.001 -18"><span class='ocrx_word' id='word_1_142' title='bbox 184 2632 236 2698; x_wconf 85' lang='grc' dir='ltr'><strong>καί</strong></span> <span class='ocrx_word' id='word_1_143' title='bbox 256 2629 392 2704; x_wconf 70' lang='grc' dir='ltr'><em>Ἠσίοδος</em></span> <span class='ocrx_word' id='word_1_144' title='bbox 412 2631 443 2695; x_wconf 82' lang='grc' dir='ltr'><strong>ἐν</strong></span> <span class='ocrx_word' id='word_1_145' title='bbox 463 2629 636 2710; x_wconf 74' lang='grc' dir='ltr'><em>Μεγάλαις</em></span> <span class='ocrx_word' id='word_1_146' title='bbox 657 2630 773 2703; x_wconf 74' lang='grc' dir='ltr'><em>Ἠοίαις</em></span> <span class='ocrx_word' id='word_1_147' title='bbox 797 2631 850 2696; x_wconf 81' lang='grc' dir='ltr'><strong>καί</strong></span> <span class='ocrx_word' id='word_1_148' title='bbox 879 2631 1080 2713; x_wconf 75' lang='grc' dir='ltr'><em>Διδύμαρχος</em></span> <span class='ocrx_word' id='word_1_149' title='bbox 1106 2640 1277 2716; x_wconf 83' lang='grc' dir='ltr'><em>Μεταμορ-</em></span> 
     </span>
     <span class='ocr_line' id='line_1_20' title="bbox 181 2751 1276 2835; baseline 0.003 -17"><span class='ocrx_word' id='word_1_150' title='bbox 181 2754 309 2835; x_wconf 79' lang='grc' dir='ltr'><em>φώσεων</em></span> <span class='ocrx_word' id='word_1_151' title='bbox 326 2752 362 2831; x_wconf 81' lang='grc' dir='ltr'><strong>γ’</strong></span> <span class='ocrx_word' id='word_1_152' title='bbox 383 2751 435 2817; x_wconf 79' lang='grc' dir='ltr'><strong>καὶ</strong></span> <span class='ocrx_word' id='word_1_153' title='bbox 457 2751 633 2827; x_wconf 85' lang='grc' dir='ltr'><em>Ἀντίγονος</em></span> <span class='ocrx_word' id='word_1_154' title='bbox 659 2753 692 2816; x_wconf 84' lang='grc' dir='ltr'><strong>ἐν</strong></span> <span class='ocrx_word' id='word_1_155' title='bbox 711 2757 782 2823; x_wconf 84' lang='grc' dir='ltr'><em>ταῖς</em></span> <span class='ocrx_word' id='word_1_156' title='bbox 806 2753 1006 2819; x_wconf 79' lang='grc' dir='ltr'><em>Ἀλλοιιίσεσι</em></span> <span class='ocrx_word' id='word_1_157' title='bbox 1032 2751 1084 2817; x_wconf 82' lang='grc' dir='ltr'><strong>καί</strong></span> <span class='ocrx_word' id='word_1_158' title='bbox 1115 2754 1276 2821; x_wconf 66' lang='lat' dir='ltr'><strong>&#39;Amathai-</strong></span> 
     </span>
     <span class='ocr_line' id='line_1_21' title="bbox 183 2869 1276 2957; baseline 0.001 -17"><span class='ocrx_word' id='word_1_159' title='bbox 183 2871 390 2949; x_wconf 72' lang='grc' dir='ltr'><em>νιοςὸῬίδιος</em></span> <span class='ocrx_word' id='word_1_160' title='bbox 402 2874 434 2937; x_wconf 83' lang='grc' dir='ltr'><strong>ἕν</strong></span> <span class='ocrx_word' id='word_1_161' title='bbox 446 2870 725 2950; x_wconf 70' lang='grc' dir='ltr'><em>Ἐπιγράμμασιν,</em></span> <span class='ocrx_word' id='word_1_162' title='bbox 751 2869 788 2944; x_wconf 64' lang='lat' dir='ltr'><strong>tls</strong></span> <span class='ocrx_word' id='word_1_163' title='bbox 808 2877 887 2954; x_wconf 70' lang='lat' dir='ltr'><strong>&lt;pnes</strong></span> <span class='ocrx_word' id='word_1_164' title='bbox 906 2875 1094 2956; x_wconf 76' lang='grc' dir='ltr'><em>Παμφίλη</em></span> <span class='ocrx_word' id='word_1_165' title='bbox 1113 2873 1144 2937; x_wconf 85' lang='grc' dir='ltr'><strong>ἕν</strong></span> <span class='ocrx_word' id='word_1_166' title='bbox 1156 2876 1188 2939; x_wconf 80' lang='grc' dir='ltr'><strong>α’</strong></span> <span class='ocrx_word' id='word_1_167' title='bbox 1212 2872 1276 2957; x_wconf 78' lang='lat' dir='ltr'><strong>(l).</strong></span> 
     </span>
    </p>
   </div>
   <div class='ocr_carea' id='block_1_3' title="bbox 220 3148 1276 3261">
    <p class='ocr_par' dir='ltr' id='par_1_3' title="bbox 220 3148 1276 3261">
     <span class='ocr_line' id='line_1_22' title="bbox 220 3148 1276 3261; baseline 0 -21"><span class='ocrx_word' id='word_1_168' title='bbox 220 3190 244 3259; x_wconf 85' lang='lat'><strong>¹)</strong></span> <span class='ocrx_word' id='word_1_169' title='bbox 262 3185 355 3260; x_wconf 82' lang='lat' dir='ltr'><strong>Scripsi</strong></span> <span class='ocrx_word' id='word_1_170' title='bbox 374 3187 515 3261; x_wconf 74' lang='grc' dir='ltr'><em>Παμφίλη</em></span> <span class='ocrx_word' id='word_1_171' title='bbox 534 3203 581 3259; x_wconf 89' lang='lat' dir='ltr'><strong>pru</strong></span> <span class='ocrx_word' id='word_1_172' title='bbox 596 3184 764 3258; x_wconf 80' lang='grc' dir='ltr'><em>Πάμφιλος.</em></span> <span class='ocrx_word' id='word_1_173' title='bbox 790 3148 920 3258; x_wconf 84' lang='lat' dir='ltr'><strong>Pamphili</strong></span> <span class='ocrx_word' id='word_1_174' title='bbox 939 3182 1123 3252; x_wconf 77' lang='lat' dir='ltr'><strong>Alexandrini,</strong></span> <span class='ocrx_word' id='word_1_175' title='bbox 1141 3187 1276 3240; x_wconf 84' lang='lat' dir='ltr'><strong>Gramma·</strong></span> 
     </span>
    </p>
   </div>
   <div class='ocr_carea' id='block_1_4' title="bbox 183 3286 1281 4416">
    <p class='ocr_par' dir='ltr' id='par_1_4' title="bbox 183 3286 1281 4416">
     <span class='ocr_line' id='line_1_23' title="bbox 184 3286 1277 3366; baseline 0.002 -22"><span class='ocrx_word' id='word_1_176' title='bbox 184 3289 273 3344; x_wconf 81' lang='lat' dir='ltr'><strong>matini</strong></span> <span class='ocrx_word' id='word_1_177' title='bbox 306 3288 482 3358; x_wconf 74' lang='lat' dir='ltr'><strong>Aristarchei,</strong></span> <span class='ocrx_word' id='word_1_178' title='bbox 511 3307 639 3364; x_wconf 80' lang='lat' dir='ltr'><strong>magnum</strong></span> <span class='ocrx_word' id='word_1_179' title='bbox 667 3288 774 3344; x_wconf 70' lang='lat' dir='ltr'><strong>lamecu</strong></span> <span class='ocrx_word' id='word_1_180' title='bbox 800 3293 867 3366; x_wconf 74' lang='grc' dir='ltr'><strong>περὶ</strong></span> <span class='ocrx_word' id='word_1_181' title='bbox 892 3289 1027 3366; x_wconf 74' lang='grc' dir='ltr'><em>γλωσσῶν</em></span> <span class='ocrx_word' id='word_1_182' title='bbox 1051 3293 1101 3344; x_wconf 78' lang='lat' dir='ltr'><strong>sul</strong></span> <span class='ocrx_word' id='word_1_183' title='bbox 1127 3286 1277 3363; x_wconf 69' lang='lat' dir='ltr'><strong>circuatur</strong></span> 
     </span>
     <span class='ocr_line' id='line_1_24' title="bbox 184 3391 1279 3471; baseline 0.003 -23"><span class='ocrx_word' id='word_1_184' title='bbox 184 3393 284 3468; x_wconf 86' lang='lat' dir='ltr'><strong>saepius</strong></span> <span class='ocrx_word' id='word_1_185' title='bbox 302 3393 335 3448; x_wconf 89' lang='lat' dir='ltr'><strong>ad</strong></span> <span class='ocrx_word' id='word_1_186' title='bbox 345 3403 429 3468; x_wconf 81' lang='lat' dir='ltr'><strong>partes</strong></span> <span class='ocrx_word' id='word_1_187' title='bbox 448 3401 523 3449; x_wconf 85' lang='lat' dir='ltr'><strong>vocat</strong></span> <span class='ocrx_word' id='word_1_188' title='bbox 543 3391 710 3462; x_wconf 77' lang='lat' dir='ltr'><strong>Athenaeus,</strong></span> <span class='ocrx_word' id='word_1_189' title='bbox 729 3413 759 3449; x_wconf 85' lang='lat' dir='ltr'><strong>ex</strong></span> <span class='ocrx_word' id='word_1_190' title='bbox 777 3393 874 3471; x_wconf 88' lang='lat' dir='ltr'><strong>quibus</strong></span> <span class='ocrx_word' id='word_1_191' title='bbox 891 3394 1017 3470; x_wconf 85' lang='lat' dir='ltr'><strong>excerptis</strong></span> <span class='ocrx_word' id='word_1_192' title='bbox 1032 3403 1063 3450; x_wconf 90' lang='lat' dir='ltr'><strong>ut</strong></span> <span class='ocrx_word' id='word_1_193' title='bbox 1081 3413 1111 3449; x_wconf 88' lang='lat' dir='ltr'><strong>cx</strong></span> <span class='ocrx_word' id='word_1_194' title='bbox 1125 3392 1180 3469; x_wconf 88' lang='lat' dir='ltr'><strong>ipso</strong></span> <span class='ocrx_word' id='word_1_195' title='bbox 1197 3394 1279 3451; x_wconf 89' lang='lat' dir='ltr'><strong>etiam</strong></span> 
     </span>
     <span class='ocr_line' id='line_1_25' title="bbox 184 3491 1278 3574; baseline 0.005 -24"><span class='ocrx_word' id='word_1_196' title='bbox 184 3496 266 3552; x_wconf 83' lang='lat' dir='ltr'><strong>titulo</strong></span> <span class='ocrx_word' id='word_1_197' title='bbox 284 3506 356 3572; x_wconf 87' lang='lat' dir='ltr'><strong>patet</strong></span> <span class='ocrx_word' id='word_1_198' title='bbox 374 3496 476 3553; x_wconf 81' lang='lat' dir='ltr'><strong>fabulae</strong></span> <span class='ocrx_word' id='word_1_199' title='bbox 493 3515 523 3551; x_wconf 83' lang='lat' dir='ltr'><strong>ex</strong></span> <span class='ocrx_word' id='word_1_200' title='bbox 548 3495 711 3572; x_wconf 69' lang='lat' dir='ltr'><strong>mythologie</strong></span> <span class='ocrx_word' id='word_1_201' title='bbox 738 3496 830 3554; x_wconf 83' lang='lat' dir='ltr'><strong>ductas</strong></span> <span class='ocrx_word' id='word_1_202' title='bbox 849 3491 878 3554; x_wconf 79' lang='lat' dir='ltr'><strong>ih</strong></span> <span class='ocrx_word' id='word_1_203' title='bbox 898 3517 927 3554; x_wconf 88' lang='lat' dir='ltr'><strong>ee</strong></span> <span class='ocrx_word' id='word_1_204' title='bbox 944 3517 996 3553; x_wconf 90' lang='lat' dir='ltr'><strong>non</strong></span> <span class='ocrx_word' id='word_1_205' title='bbox 1018 3498 1171 3574; x_wconf 83' lang='lat' dir='ltr'><strong>perscriptas</strong></span> <span class='ocrx_word' id='word_1_206' title='bbox 1191 3496 1278 3556; x_wconf 82' lang='lat' dir='ltr'><strong>fuisse.</strong></span> 
     </span>
     <span class='ocr_line' id='line_1_26' title="bbox 183 3598 1280 3675; baseline 0.005 -22"><span class='ocrx_word' id='word_1_207' title='bbox 183 3598 233 3654; x_wconf 87' lang='lat' dir='ltr'><strong>Sed</strong></span> <span class='ocrx_word' id='word_1_208' title='bbox 251 3600 385 3674; x_wconf 87' lang='lat' dir='ltr'><strong>Pamphile</strong></span> <span class='ocrx_word' id='word_1_209' title='bbox 403 3599 561 3675; x_wconf 85' lang='lat' dir='ltr'><strong>Epidauria,</strong></span> <span class='ocrx_word' id='word_1_210' title='bbox 580 3599 676 3655; x_wconf 88' lang='lat' dir='ltr'><strong>mulier</strong></span> <span class='ocrx_word' id='word_1_211' title='bbox 695 3600 886 3673; x_wconf 85' lang='lat' dir='ltr'><strong>eruditissima,</strong></span> <span class='ocrx_word' id='word_1_212' title='bbox 910 3602 939 3657; x_wconf 89' lang='lat' dir='ltr'><strong>in</strong></span> <span class='ocrx_word' id='word_1_213' title='bbox 957 3601 1154 3658; x_wconf 81' lang='lat' dir='ltr'><strong>Commentariis</strong></span> <span class='ocrx_word' id='word_1_214' title='bbox 1172 3602 1280 3659; x_wconf 81' lang='lat' dir='ltr'><strong>dietari·</strong></span> 
     </span>
     <span class='ocr_line' id='line_1_27' title="bbox 183 3701 1281 3784; baseline 0.004 -25"><span class='ocrx_word' id='word_1_215' title='bbox 183 3705 237 3771; x_wconf 87' lang='lat' dir='ltr'><strong>cis,</strong></span> <span class='ocrx_word' id='word_1_216' title='bbox 256 3701 394 3778; x_wconf 80' lang='lat' dir='ltr'><strong>dequibus</strong></span> <span class='ocrx_word' id='word_1_217' title='bbox 403 3706 507 3775; x_wconf 86' lang='lat' dir='ltr'><strong>Suidas,</strong></span> <span class='ocrx_word' id='word_1_218' title='bbox 518 3725 541 3761; x_wconf 73' lang='lat' dir='ltr'><strong>v,</strong></span> <span class='ocrx_word' id='word_1_219' title='bbox 560 3708 719 3780; x_wconf 77' lang='grc' dir='ltr'><em>Παμφίλη,</em></span> <span class='ocrx_word' id='word_1_220' title='bbox 740 3707 877 3784; x_wconf 78' lang='grc' dir='ltr'><em>ἱστορικοὶ</em></span> <span class='ocrx_word' id='word_1_221' title='bbox 894 3707 1084 3783; x_wconf 70' lang='grc' dir='ltr'><em>ὑπομνήματα</em></span> <span class='ocrx_word' id='word_1_222' title='bbox 1098 3705 1130 3765; x_wconf 73' lang='grc' dir='ltr'><strong>ἓν</strong></span> <span class='ocrx_word' id='word_1_223' title='bbox 1148 3707 1281 3783; x_wconf 84' lang='grc' dir='ltr'><em>βιβλίοις</em></span> 
     </span>
     <span class='ocr_line' id='line_1_28' title="bbox 185 3808 1279 3891; baseline 0.005 -26"><span class='ocrx_word' id='word_1_224' title='bbox 185 3813 246 3887; x_wconf 75' lang='lat' dir='ltr'><strong>ly&#39;,</strong></span> <span class='ocrx_word' id='word_1_225' title='bbox 267 3808 408 3882; x_wconf 71' lang='grc' dir='ltr'><em>ἐπιτομήν</em></span> <span class='ocrx_word' id='word_1_226' title='bbox 427 3809 482 3866; x_wconf 79' lang='grc' dir='ltr'><strong>τῶν</strong></span> <span class='ocrx_word' id='word_1_227' title='bbox 509 3816 641 3884; x_wconf 78' lang='grc' dir='ltr'><em>Κτησίου</em></span> <span class='ocrx_word' id='word_1_228' title='bbox 659 3811 691 3868; x_wconf 75' lang='grc' dir='ltr'><strong>ἐν</strong></span> <span class='ocrx_word' id='word_1_229' title='bbox 710 3811 842 3887; x_wconf 77' lang='grc' dir='ltr'><em>βιβλίοις</em></span> <span class='ocrx_word' id='word_1_230' title='bbox 860 3819 902 3891; x_wconf 78' lang='grc' dir='ltr'><strong>γ’,</strong></span> <span class='ocrx_word' id='word_1_231' title='bbox 922 3813 1063 3888; x_wconf 63' lang='lat' dir='ltr'><strong>increpuit</strong></span> <span class='ocrx_word' id='word_1_232' title='bbox 1091 3813 1229 3890; x_wconf 78' lang='grc' dir='ltr'><em>ἱστοριῶν</em></span> <span class='ocrx_word' id='word_1_233' title='bbox 1248 3833 1279 3870; x_wconf 81' lang='lat' dir='ltr'><strong>rs</strong></span> 
     </span>
     <span class='ocr_line' id='line_1_29' title="bbox 185 3915 1280 3995; baseline 0 -19"><span class='ocrx_word' id='word_1_234' title='bbox 185 3920 235 3976; x_wconf 82' lang='lat' dir='ltr'><strong>stul</strong></span> <span class='ocrx_word' id='word_1_235' title='bbox 251 3915 356 3993; x_wconf 78' lang='grc' dir='ltr'><em>ἑτέρων</em></span> <span class='ocrx_word' id='word_1_236' title='bbox 375 3916 499 3990; x_wconf 81' lang='grc' dir='ltr'><em>βιβλίον</em></span> <span class='ocrx_word' id='word_1_237' title='bbox 522 3922 742 3994; x_wconf 74' lang='grc' dir='ltr'><em>παμπλοίστας,</em></span> <span class='ocrx_word' id='word_1_238' title='bbox 763 3920 887 3995; x_wconf 86' lang='lat' dir='ltr'><strong>plurimae</strong></span> <span class='ocrx_word' id='word_1_239' title='bbox 914 3916 1061 3977; x_wconf 78' lang='lat' dir='ltr'><strong>inbuisset</strong></span> <span class='ocrx_word' id='word_1_240' title='bbox 1080 3919 1187 3977; x_wconf 81' lang='lat' dir='ltr'><strong>fabellae</strong></span> <span class='ocrx_word' id='word_1_241' title='bbox 1205 3936 1280 3976; x_wconf 88' lang='lat' dir='ltr'><strong>enat·-</strong></span> 
     </span>
     <span class='ocr_line' id='line_1_30' title="bbox 185 4022 1280 4102; baseline 0.001 -23"><span class='ocrx_word' id='word_1_242' title='bbox 185 4025 271 4094; x_wconf 85' lang='lat' dir='ltr'><strong>ravit,</strong></span> <span class='ocrx_word' id='word_1_243' title='bbox 291 4044 314 4081; x_wconf 86' lang='lat' dir='ltr'><strong>v.</strong></span> <span class='ocrx_word' id='word_1_244' title='bbox 343 4022 408 4079; x_wconf 90' lang='lat' dir='ltr'><strong>Gell.</strong></span> <span class='ocrx_word' id='word_1_245' title='bbox 429 4025 457 4078; x_wconf 81' lang='lat' dir='ltr'><strong>ll.</strong></span> <span class='ocrx_word' id='word_1_246' title='bbox 477 4029 507 4079; x_wconf 80' lang='grc' dir='ltr'><strong>λ.</strong></span> <span class='ocrx_word' id='word_1_247' title='bbox 522 4028 583 4094; x_wconf 84' lang='lat' dir='ltr'><strong>XV,</strong></span> <span class='ocrx_word' id='word_1_248' title='bbox 603 4029 647 4081; x_wconf 79' lang='lat'><strong>1⁷.</strong></span> <span class='ocrx_word' id='word_1_249' title='bbox 667 4031 692 4082; x_wconf 83' lang='lat'><strong>3.</strong></span> <span class='ocrx_word' id='word_1_250' title='bbox 719 4029 763 4082; x_wconf 79' lang='lat'><strong>23.</strong></span> <span class='ocrx_word' id='word_1_251' title='bbox 782 4030 828 4095; x_wconf 72' lang='lat'><strong>2,</strong></span> <span class='ocrx_word' id='word_1_252' title='bbox 851 4025 1012 4102; x_wconf 81' lang='lat' dir='ltr'><strong>singulisque</strong></span> <span class='ocrx_word' id='word_1_253' title='bbox 1034 4023 1170 4081; x_wconf 82' lang='lat' dir='ltr'><strong>variarum</strong></span> <span class='ocrx_word' id='word_1_254' title='bbox 1194 4022 1280 4080; x_wconf 80' lang='lat' dir='ltr'><strong>llistc·</strong></span> 
     </span>
     <span class='ocr_line' id='line_1_31' title="bbox 184 4124 1279 4205; baseline 0.001 -22"><span class='ocrx_word' id='word_1_255' title='bbox 184 4130 285 4184; x_wconf 86' lang='lat' dir='ltr'><strong>riarum</strong></span> <span class='ocrx_word' id='word_1_256' title='bbox 304 4128 433 4204; x_wconf 87' lang='lat' dir='ltr'><strong>capitibus</strong></span> <span class='ocrx_word' id='word_1_257' title='bbox 456 4127 568 4184; x_wconf 90' lang='lat' dir='ltr'><strong>indicem</strong></span> <span class='ocrx_word' id='word_1_258' title='bbox 594 4128 721 4185; x_wconf 84' lang='lat' dir='ltr'><strong>addidisse</strong></span> <span class='ocrx_word' id='word_1_259' title='bbox 739 4128 844 4186; x_wconf 87' lang='lat' dir='ltr'><strong>videtur</strong></span> <span class='ocrx_word' id='word_1_260' title='bbox 870 4130 1025 4205; x_wconf 85' lang='lat' dir='ltr'><strong>scripturum</strong></span> <span class='ocrx_word' id='word_1_261' title='bbox 1050 4136 1077 4182; x_wconf 86' lang='lat' dir='ltr'><strong>et</strong></span> <span class='ocrx_word' id='word_1_262' title='bbox 1101 4124 1230 4183; x_wconf 87' lang='lat' dir='ltr'><strong>librorum</strong></span> <span class='ocrx_word' id='word_1_263' title='bbox 1249 4146 1279 4184; x_wconf 85' lang='lat' dir='ltr'><strong>ex</strong></span> 
     </span>
     <span class='ocr_line' id='line_1_32' title="bbox 185 4231 1279 4310; baseline 0 -21"><span class='ocrx_word' id='word_1_264' title='bbox 185 4233 280 4309; x_wconf 87' lang='lat' dir='ltr'><strong>quibus</strong></span> <span class='ocrx_word' id='word_1_265' title='bbox 299 4252 345 4289; x_wconf 82' lang='lat' dir='ltr'><strong>sua</strong></span> <span class='ocrx_word' id='word_1_266' title='bbox 362 4234 533 4291; x_wconf 87' lang='lat' dir='ltr'><strong>desumeerat.</strong></span> <span class='ocrx_word' id='word_1_267' title='bbox 570 4238 642 4306; x_wconf 75' lang='lat' dir='ltr'><strong>Quae</strong></span> <span class='ocrx_word' id='word_1_268' title='bbox 667 4254 751 4309; x_wconf 90' lang='lat' dir='ltr'><strong>quum</strong></span> <span class='ocrx_word' id='word_1_269' title='bbox 770 4238 868 4290; x_wconf 76' lang='lat' dir='ltr'><strong>liercne</strong></span> <span class='ocrx_word' id='word_1_270' title='bbox 886 4236 1032 4309; x_wconf 84' lang='lat' dir='ltr'><strong>imperante</strong></span> <span class='ocrx_word' id='word_1_271' title='bbox 1049 4231 1161 4301; x_wconf 82' lang='lat' dir='ltr'><strong>vixerit,</strong></span> <span class='ocrx_word' id='word_1_272' title='bbox 1180 4233 1279 4310; x_wconf 86' lang='lat' dir='ltr'><strong>aliqua·</strong></span> 
     </span>
     <span class='ocr_line' id='line_1_33' title="bbox 186 4335 1278 4416; baseline -0.003 -22"><span class='ocrx_word' id='word_1_273' title='bbox 186 4349 264 4397; x_wconf 85' lang='lat' dir='ltr'><strong>tenue</strong></span> <span class='ocrx_word' id='word_1_274' title='bbox 282 4339 375 4398; x_wconf 89' lang='lat' dir='ltr'><strong>saltem</strong></span> <span class='ocrx_word' id='word_1_275' title='bbox 390 4340 423 4398; x_wconf 93' lang='lat' dir='ltr'><strong>dc</strong></span> <span class='ocrx_word' id='word_1_276' title='bbox 438 4349 524 4398; x_wconf 88' lang='lat' dir='ltr'><strong>aetate</strong></span> <span class='ocrx_word' id='word_1_277' title='bbox 541 4356 593 4416; x_wconf 86' lang='lat' dir='ltr'><strong>que</strong></span> <span class='ocrx_word' id='word_1_278' title='bbox 609 4337 746 4396; x_wconf 83' lang='lat' dir='ltr'><strong>floruerint</strong></span> <span class='ocrx_word' id='word_1_279' title='bbox 765 4336 953 4414; x_wconf 74' lang='lat' dir='ltr'><strong>Didymarchus</strong></span> <span class='ocrx_word' id='word_1_280' title='bbox 967 4347 994 4391; x_wconf 88' lang='lat' dir='ltr'><strong>et</strong></span> <span class='ocrx_word' id='word_1_281' title='bbox 1010 4335 1156 4415; x_wconf 71' lang='lat' dir='ltr'><strong>Antigenus</strong></span> <span class='ocrx_word' id='word_1_282' title='bbox 1172 4347 1278 4396; x_wconf 83' lang='lat' dir='ltr'><strong>canstat</strong></span> 
     </span>
    </p>
   </div>
   <div class='ocr_carea' id='block_1_5' title="bbox 1005 4441 1052 4505">
    <p class='ocr_par' dir='ltr' id='par_1_5' title="bbox 1005 4441 1052 4505">
     <span class='ocr_line' id='line_1_34' title="bbox 1005 4441 1052 4505; baseline 0 -19"><span class='ocrx_word' id='word_1_283' title='bbox 1005 4441 1052 4505; x_wconf 63' lang='lat'><strong>2*</strong></span> 
     </span>
    </p>
   </div>
   <div class='ocr_carea' id='block_1_6' title="bbox 0 0 1479 5108">
    <p class='ocr_par' dir='ltr' id='par_1_6' title="bbox 0 0 1479 5108">
     <span class='ocr_line' id='line_1_35' title="bbox 0 0 1479 5108; baseline 0 0"><span class='ocrx_word' id='word_1_284' title='bbox 0 0 1479 5108; x_wconf 95' lang='lat' dir='ltr'><strong> </strong></span> 
     </span>
    </p>
   </div>
  </div>
 </body>
</html>
