2932 5108
659 374 815 434 -5..

195 563 302 627 animo
334 558 411 625 mihi
438 560 534 625 lirum
562 558 664 626 haesit
689 557 859 624 dicterium
887 556 1054 636 lloltairii‚
1081 559 1186 649 quiin
1211 581 1296 625 coo·-

194 683 277 746 ririo
298 677 371 743 cibo
391 679 545 769 apposito·
562 702 626 746 non
650 700 724 745 usus
750 676 873 744 fastidii
903 699 1029 744 causam
1058 666 1185 768 speruit
1209 701 1310 768 que-¹

193 799 259 866 rela
279 820 351 866 eum
374 800 466 868 nullo
489 800 555 867 sale
576 799 745 868 conditum
772 820 839 867 esse
864 798 903 865 ad
926 801 1026 866 instar
1045 799 1289 889 Epigrammatis

194 923 307 990 Graeci
338 922 428 991 nullo
464 925 610 991 acumine
646 921 759 990 saliare
790 922 901 1012 lepore
933 921 1137 1011 praestantis.
1195 918 1289 1008 Quod

192 1041 309 1122 donto,
343 1059 381 1112 ut
421 1043 573 1124 ridetur,
615 1041 747 1108 allatum
790 1053 823 1108 et
853 1065 869 1105 a
903 1042 969 1107 viro
1007 1041 1197 1131 proiectum.
1231 1038 1290 1129 qui

190 1166 222 1231 in
237 1164 402 1233 conririis
420 1176 453 1231 et
481 1163 613 1230 circulis
644 1161 744 1229 multa
774 1163 886 1230 festine
915 1161 1150 1252 commodeque
1180 1160 1288 1229 dicare

189 1283 331 1366 solebat,
362 1284 442 1353 milri
465 1286 648 1351 innotuerat
668 1304 705 1349 er
736 1283 855 1348 notulis
878 1304 957 1371 quas
978 1279 1208 1370 Bilderdgkius
1230 1278 1291 1346 ad·

190 1405 272 1474 didit
294 1393 449 1474 ¹vtsrsioni-
478 1407 683 1496 Hymnorurn
719 1402 909 1471 Callimachi
939 1403 1112 1470 rosnaculo
1141 1422 1287 1470 sermone

189 1526 367 1596 conlectae.
414 1527 518 1616 quue
547 1548 623 1593 saue
654 1524 708 1592 sir.
732 1525 864 1614 dignum
895 1525 1059 1593 videretur
1090 1524 1182 1591 cuius
1203 1524 1286 1590 iuter

79 1663 82 1670 ·
189 1647 332 1715 eruditos
344 1649 436 1715 lieret
448 1648 588 1726 mentio,
604 1647 676 1714 «nisi
689 1647 884 1737 experientis
896 1661 1099 1738 compertum
1112 1644 1287 1722 haberem,

187 1789 251 1835 uon
282 1780 406 1836 tantum
437 1768 630 1836 semideutos
655 1770 712 1859 qui
740 1767 839 1860 vulgo
866 1769 1077 1858 elegantiores
1101 1765 1285 1845 habentur,

187 1890 412 1956 verumetiam
435 1888 581 1957 eruditos
600 1902 634 1956 et
653 1888 847 1958 eruditionis
870 1889 965 1958 laude
990 1888 1092 1955 claros
1115 1887 1201 1953 siros
1221 1885 1287 1955 inl·

188 2010 308 2077 sissima
328 2010 484 2100 opinione
500 2009 600 2090 duci,
628 2009 1053 2100 poetes-epigrammatarios
1076 2009 1215 2077 Graecos
1233 2029 1287 2073 ar·

187 2131 293 2220 gutiae
320 2131 461 2198 maxime
481 2129 641 2197 studuisse
665 2143 697 2197 st
723 2131 846 2198 facetiis
873 2151 995 2221 eosque
1020 2127 1206 2196 ioculariter
1235 2126 1286 2193 lu·

186 2250 312 2318 dentes·
329 2265 384 2318 aut
415 2251 531 2320 festine
559 2253 687 2319 dicaces
708 2266 740 2320 et
765 2253 930 2344 ingeniose
960 2249 1127 2318 mordaces
1158 2270 1285 2339 semper

188 2371 287 2439 telum
320 2371 454 2460 aliquod
483 2372 637 2438 iaculatus
667 2396 735 2440 esse
767 2375 860 2437 ouius
887 2372 1035 2438 aculeum
1060 2373 1092 2436 in
1127 2371 1291 2437 lectorum.

187 2492 301 2556 animis
331 2490 473 2579 relinqui
501 2508 670 2577 caperent.
719 2490 812 2575 Quod
844 2512 907 2555 non
934 2489 1121 2578 refugerunt
1153 2488 1286 2579 quidem

187 2630 246 2678 nec
268 2611 446 2677 omiserunt
467 2630 621 2698 prorsus,
647 2609 700 2676 sed
726 2608 849 2701 sylloge
871 2609 1075 2689 carminum,
1109 2609 1286 2699 iniquibus

186 2730 249 2798 lroc
270 2744 428 2821 egerunt,
453 2731 586 2797 minima
610 2744 658 2799 est
681 2729 897 2821 dnthclogiae
928 2753 1023 2822 pars,
1049 2732 1187 2799 maxima
1207 2752 1284 2800 voro

185 2850 377 2941 florilegium
407 2851 680 2942 inscriptionum,
718 2873 853 2942 quarum
877 2850 971 2940 longe
992 2850 1152 2941 plurimae
1168 2874 1284 2920 msera

184 2972 396 3039 marmoribus
423 2973 540 3041 incisae
572 2972 728 3052 fuerunt,
753 2973 898 3063 reliquae
917 2973 961 3040 ita
988 2972 1130 3063 scriptas
1150 2987 1224 3041 sunt
1246 2988 1290 3042 ut·

184 3090 283 3182 lapidi
315 3092 493 3197 insculptae
525 3093 621 3160 fuisse
660 3091 761 3159 rideri
798 3093 934 3183 possint.
989 3094 1056 3160 lsrn
1085 3094 1281 3185 antiquiores

182 3213 268 3280 enim
283 3214 549 3304 epigrammatum
563 3215 736 3305 scriptores
756 3215 976 3293 carminibus,
998 3214 1115 3304 quibus
1137 3216 1281 3283 virorum

182 3334 265 3401 loma
289 3334 448 3402 nubilium
472 3335 526 3403 sed
551 3335 673 3402 dudum
698 3310 914 3403 mortuorum·
929 3337 1117 3404 memoriam
1136 3337 1286 3404 celebra·

182 3467 278 3532 runt,
306 3456 525 3545 inscriptionis
556 3455 691 3523 lormam
716 3455 933 3537 addiderunt,
960 3479 1023 3547 qua
1045 3460 1151 3547 speeie
1172 3460 1204 3524 in
1224 3481 1281 3535 ‚ar-

181 3587 333 3662 gumento
358 3574 484 3642 diverso
505 3594 579 3642 usus
603 3590 650 3643 est
678 3578 774 3643 otiam
798 3575 1007 3644 Archemelus
1027 3577 1059 3642 in
1081 3580 1225 3645 carmine
1244 3580 1278 3644 in

181 3714 295 3760 navem
317 3694 467 3762 Hieronis
490 3697 592 3763 mirae
613 3695 841 3787 magnitudinis
862 3710 894 3763 et
916 3697 1174 3786 magnificentiae
1192 3699 1277 3790 apud

182 3813 303 3883 Athen.
323 3814 372 3892 V,
397 3817 462 3883 209
486 3816 524 3884 (l.
573 3817 670 3884 Plane
702 3814 813 3883 cadem
847 3817 970 3882 ratione
993 3816 1030 3883 ad
1062 3820 1279 3908 inscriptionis

181 3958 325 4004 normam
351 3938 531 4024 conscripta
554 3949 628 4003 sont
661 3936 787 4025 aliquot
819 3960 915 4027 parra
948 3941 1090 4006 carmina
1111 3939 1276 4006 σκωπτικοί

180 4056 246 4123 sire
267 4058 374 4146 potius
392 4055 512 4137 sonno
534 4056 690 4137 dicanda,
716 4057 834 4147 quibus
851 4060 948 4124 etiam
966 4059 1178 4146 antiquissimi
1196 4084 1276 4151 poe·

183 4186 232 4244 tae
257 4178 403 4244 inimicos
431 4175 561 4265 petiisse
584 4176 743 4246 ridentur.
791 4178 840 4244 lta
863 4177 1045 4246 Simonides
1068 4179 1276 4250 Timocreon·

183 4311 245 4365 rem
267 4297 326 4364 nn
350 4296 495 4364 rarorum
517 4295 607 4362 rann
630 4295 790 4378 sistram,
820 4301 857 4368 s.
878 4299 912 4367 r.
933 4297 1016 4379 vn,
1043 4303 1121 4370 aas.
1164 4274 1169 4281 “
