2932 5108
638 369 818 433 ..71-

276 534 388 633 Ἀστὶο
408 558 482 624 άτὸ
504 556 669 639 βροτέων
689 557 776 635 ὤμων
800 553 969 636 Τομάνορος
994 553 1090 633 ἦμαρ-

364 684 423 745 saei
447 678 608 763 ὑτοοροφία
632 674 801 751 Παλλάδος
825 674 1017 771 άακνραάρρας
1030 686 1053 750 ,’

273 799 380 868 πολλοὶ
402 798 552 881 ονδαρείον
576 797 757 878 κεκονιμένα
780 798 816 862 ἐκ
838 796 1008 876 τολέροοοο,

363 920 416 989 τόν
435 944 477 1000 με
496 919 619 1003 Φέροντ’
642 919 692 986 cisi
717 918 880 1002 ῥυομένα
903 916 1059 994 θανάτου,

181 1056 215 1108 et
235 1039 434 1118 Mussalcae,
461 1062 543 1131 quse
570 1042 646 1107 item
671 1040 839 1130 inscriptio
863 1051 931 1117 est,
957 1040 1003 1108 ib.
1029 1060 1059 1108 c.
1086 1041 1160 1106 128.

264 1159 353 1229 Ἦοο
375 1163 448 1231 κατ’
468 1158 600 1241 ἠγάθεον
622 1159 686 1229 τάδ’
706 1158 895 1243 άνάκτορον,
920 1160 999 1227 sieri
1020 1158 1164 1242 Φαεννά,
1269 1216 1273 1223 .

362 1281 485 1363 άνθεροα
505 1281 628 1368 Λατάα
647 1280 731 1351 δάϊον
751 1281 1007 1365 Ἀρτέροοδοκτέ.,

181 1403 340 1495 Equidem
375 1404 586 1485 ἧσθαι-τοοκ
619 1403 741 1471 dictum
772 1417 853 1495 puto
876 1403 917 1470 de
950 1405 1038 1469 harto
1067 1425 1083 1468 a
1115 1400 1285 1469 Simonide

182 1527 223 1594 A.
248 1527 284 1595 P.
307 1526 376 1605 Vl,
403 1530 458 1594 52.
491 1537 524 1592 et
559 1527 664 1617 Anyte
696 1526 740 1594 ib.
766 1547 797 1594 c.
821 1529 896 1593 123.
944 1524 1007 1594 Sed
1031 1525 1072 1592 de
1094 1523 1209 1615 clypeo
1230 1510 1281 1589 di·

180 1644 317 1713 cendum
350 1658 398 1713 est
430 1643 554 1717 άττεον.
614 1644 831 1730 Quamobrem
864 1646 895 1711 iu
929 1647 1160 1736 epigrammate
1195 1642 1284 1733 apud

181 1768 368 1839 Pausaniam
390 1765 625 1835 restituendum
650 1765 738 1857 quod
767 1766 935 1833 literarum
955 1766 1107 1833 ductibus
1129 1766 1232 1834 inest:

270 1886 373 1967 ἧμροαο
388 1886 432 1963 ut,
452 1885 603 1953 τοθέονοα
622 1887 690 1963 νένν
707 1885 756 1953 ἔτι
777 1887 887 1955 Κυδίου
906 1887 997 1968 ἥβην.

180 2009 217 2076 ln
249 2009 425 2098 Hegesippi
441 2031 571 2098 qnoque
594 2011 741 2080 carmine
770 2007 848 2089 οἶμαι
876 2031 913 2077 er
935 2010 1120 2076 coniectura
1152 2009 1283 2076 restitu-

182 2144 249 2198 tum
270 2143 329 2199 est.
362 2128 470 2197 Codex
492 2128 673 2212 Τομάνορος
697 2127 825 2209 άνμαν,
851 2131 908 2196 ubi
932 2140 960 2197 Η
981 2130 1065 2198 male
1084 2130 1281 2221 descriptum

181 2274 242 2341 pro
267 2253 406 2341 genuine
439 2252 531 2319 litera
551 2260 599 2319 M.
647 2252 815 2342 Integrum
847 2253 945 2342 igitur
977 2273 1104 2329 versum
1126 2252 1170 2327 ita
1201 2253 1281 2320 scri·

181 2374 318 2463 pserim:

267 2492 386 2566 fnsctr
402 2493 464 2561 ’ἆτ’
487 2491 655 2573 ε’ραβρνθέεον
678 2492 766 2570 ὤμων
785 2491 958 2574 Τομάνορος
979 2489 1090 2574 dnum
1102 2543 1115 2570 ,

181 2610 269 2703 qnod
299 2612 497 2702 aptissimum
529 2610 736 2678 humerorum
765 2613 905 2680 laterum
937 2612 1131 2704 epitheton,
1155 2626 1188 2685 et
1216 2616 1282 2685 icr-

181 2748 263 2803 tarse
290 2734 355 2801 iam
378 2732 512 2823 simplex
530 2731 657 2814 βρνθὲον
687 2734 841 2826 tntisper
867 2757 902 2803 se
929 2736 1040 2805 efficax
1072 2750 1108 2804 ut
1133 2735 1220 2828 apud
1240 2738 1282 2825 Q.
1358 2794 1364 2804 .

180 2854 312 2945 Smyrn.
331 2854 409 2933 111,
437 2857 514 2923 540.
544 2851 720 2937 βριθύτερον
741 2853 769 2922 δ’
796 2852 860 2937 ἄρα
886 2857 958 2933 θῆκε
982 2855 1093 2937 δέμας.
1142 2857 1282 2928 Vesuui

181 2974 409 3045 scribendum:
433 2974 604 3059 ροταροθνα.
632 2976 669 3043 iu
696 2975 877 3044 dinamicae
902 2976 1044 3068 denique
1071 2978 1282 3071 inscriptione

179 3095 288 3165 malim
302 3121 312 3164 r

270 3216 332 3300 ἧψο
352 3221 425 3285 κατ’
445 3216 577 3297 ἠγάθεον
596 3215 660 3283 τάδ’
679 3214 869 3299 άνάκτορον,
893 3217 974 3283 cirri
997 3217 1133 3301 φαεννά.

180 3341 222 3409 ltt
245 3341 378 3407 sortasse
403 3342 435 3405 in
460 3328 601 3405 carmine
620 3337 763 3404 eiusdem
786 3339 966 3406 Massalcae
989 3345 1031 3408 t.
1051 3341 1088 3409 P.
1110 3340 1181 3422 Vi,
1202 3345 1279 3410 264.

268 3458 383 3532 Ἀσπὶς
407 3456 613 3541 Ἀλεξάνδρου
636 3462 690 3524 τοῦ
711 3457 848 3533 Φνλλέος
868 3459 944 3542 ἱερὸν
963 3457 1020 3526 άδε

361 3579 449 3662 δῶρον
469 3576 645 3646 Ἀπόλλωνι
667 3579 851 3665 χρνοοαάρορο
872 3579 1052 3660 δέδοροαο,

182 3701 238 3766 ubi
257 3699 440 3784 χροοοαάριρ
462 3699 558 3789 uulgo
581 3699 688 3767 editur
703 3732 717 3779 ,·
737 3698 944 3767 scribendum
961 3712 1031 3768 ests
1062 3698 1208 3780 δέδεμαι,
1233 3702 1280 3773 ci.

183 3825 384 3889 Anacreonte
408 3824 447 3891 t.
464 3822 501 3890 P.
519 3822 582 3898 vl,
608 3824 687 3892 141.
700 3821 807 3897 'cirris
832 3821 994 3898 Ἀθηναίης
1014 3822 1046 3889 ἐν
1068 3820 1190 3902 τεμένει
1213 3822 1280 3905 αρὲ-

180 3945 494 4024 uacaret130.2.
541 3944 584 4011 dt
611 3944 728 4013 insulse
758 3942 884 4012 ridetur
914 3943 1059 4013 dictum:
1085 3945 1172 4025 δῶρον
1200 3944 1280 4012 δέδο-

181 4091 251 4145 μαο.
309 4065 377 4133 Nec
405 4065 500 4131 unice
531 4066 703 4154 apriratis
734 4065 787 4134 sed
819 4066 952 4157 publice
981 4088 1112 4158 quoque
1147 4078 1280 4159 propter

183 4189 350 4256 victorium
375 4187 415 4252 ab
445 4188 694 4276 imperatoribus
725 4190 956 4258 dedicabantur
980 4188 1099 4278 clypei.
1150 4188 1196 4255 De
1215 4212 1281 4279 quo

184 4333 270 4378 more
294 4309 338 4379 ci.
364 4310 442 4378 Eur.
469 4305 588 4374 Phoco.
610 4312 686 4377 574.
