2932 5108
634 324 838 389 -128-

188 530 280 606 ptum
310 516 412 582 fertur
443 516 476 579 in
502 534 660 580 marmore
688 514 722 578 in
745 512 847 581 insula
870 512 907 580 lo
927 525 1076 605 reperto,
1101 514 1186 605 quod
1207 538 1288 585 con·

188 638 301 703 lictum
334 659 401 704 esse
440 649 473 703 et
503 634 646 725 spurium
681 632 794 700 docuit
824 632 1018 701 Welclrerus
1054 635 1172 706 Ilium.
1204 640 1286 709 Aut.

190 760 289 826 1844.
318 781 355 848 p.
372 759 450 824 300.
501 756 604 841 Quem
633 753 730 819 latuit
753 753 850 821 rerba
880 767 1052 845 corrupta:
1089 753 1139 823 ἅδ’
1165 756 1286 841 ἔλαχον

183 886 305 954 νασῒτις
336 879 370 945 οὔ
401 877 467 961 γάρ
495 878 529 945 ἕν
557 875 650 961 άλλρι
676 878 804 955 πνεῦμα
835 876 931 943 άανάν
958 898 996 943 er
1028 877 1090 943 hoc
1120 878 1286 970 Antipatri

185 1003 414 1092 epigrammata
435 996 532 1064 ducta
554 1019 633 1066 esse.

228 1118 292 1187 Sed
316 1118 432 1186 dubito
452 1141 492 1184 an
514 1119 548 1185 in
568 1117 723 1208 Meleagri
749 1117 947 1210 Anthologia
971 1119 1054 1186 lecta
1072 1120 1194 1189 luerint
1215 1084 1289 1212 epi·

182 1253 358 1331 grammata
389 1241 430 1310 A.
460 1240 497 1309 P.
518 1240 563 1306 vt
577 1289 585 1317 ,
611 1243 690 1307 342.
727 1243 780 1307 cui
814 1239 1033 1330 adscriptum:
1071 1239 1220 1325 άνάίιρρια
1243 1253 1286 1327 τῇ

182 1362 298 1447 Ἀθηνᾷ
330 1360 420 1443 παρά
449 1367 510 1428 τῶν
539 1358 735 1442 Κυζικηνῶν,
762 1374 794 1427 et
816 1359 861 1427 vl
874 1409 884 1440 ,
909 1364 989 1431 344.
1023 1363 1115 1429 cuius
1145 1363 1283 1432 lemmat

181 1483 233 1549 ἐπί
254 1482 297 1564 τῷ
322 1482 354 1547 ἕν
375 1488 530 1556 Θεσπιαῖς
553 1481 662 1564 βωμῷ.

271 1602 407 1671 Θεσπιαὶ
430 1602 588 1687 εὐρύχοροι
610 1601 747 1684 πέμψαν
770 1602 847 1669 ποτὲ
870 1601 976 1676 τοάςδε
996 1602 1054 1668 σὺν
1073 1600 1180 1680 ὅπλοις

361 1725 510 1806 τιμωροὺς
526 1723 682 1808 προγόνων
704 1722 866 1809 βάρβαρον
886 1724 930 1798 είς
954 1723 1082 1799 Ἀσίην,

270 1837 297 1911 ai
315 1849 389 1924 μετ’
412 1842 617 1929 Ἀλεξάνδρου
639 1849 762 1928 Περσῶν
783 1840 868 1918 άστν
892 1840 1077 1918 καθελόντες

360 1973 481 2043 στιῑσαν
503 1963 711 2050 ἐριβρεμέα
732 1963 895 2032 δαιδάλεον
917 1962 1059 2046 τρίποδα.

181 2087 268 2174 Quos
298 2110 406 2154 versus
439 2087 560 2178 tripodi
594 2088 763 2178 inscriptos
784 2087 881 2154 luisse
899 2084 995 2153 docet
1024 2108 1203 2177 pronomen
1226 2087 1283 2157 dc·

180 2210 426 2275 monstrativum
437 2207 560 2284 τοάςδες
587 2209 836 2274 nominaautem
857 2208 999 2275 militum
1017 2207 1281 2299 Thespiensium,

178 2327 331 2419 quicum
359 2325 542 2397 Alexandro
564 2327 704 2419 proiecti
725 2339 839 2407 eraut,
864 2329 999 2396 inferius
1020 2328 1183 2420 adscripta
1211 2330 1283 2397 lue·

179 2463 269 2519 runt.
319 2449 526 2540 compararit
555 2450 720 2517 lacohsius
753 2446 918 2515 Philiadae
947 2450 1167 2540 inscriptionis
1196 2451 1282 2543 irap-

178 2582 322 2637 mentum
342 2571 375 2635 in
399 2568 611 2660 Thespienses
635 2593 651 2633 a
674 2570 777 2636 Persis
797 2592 923 2639 caesos:

267 2687 373 2771 άνδρες
393 2691 442 2756 τοί
463 2694 534 2755 ποτ’
554 2687 651 2754 ἔναιον
672 2688 730 2754 ὑπὸ
750 2687 918 2773 κροτάφοις
938 2695 1100 2767 Ἑλικῶνος

357 2811 480 2890 λήματι
499 2816 559 2877 τῶν
577 2812 680 2892 αὐχεῖ
700 2809 842 2885 Θεσπιάς
865 2810 1050 2894 είριίχορος,

178 2957 210 3002 ν.
234 2934 322 3024 App.
345 2932 410 3022 ltp.
435 2935 491 3001 94.
538 2930 672 2999 ledeia
698 2946 808 2999 nostro
837 2934 978 3000 carmine
1001 2931 1188 3024 explicanda
1210 2956 1281 3002 rer·

178 3053 218 3119 ba
239 3052 388 3137 τιριιιροίις
409 3050 576 3136 προγίνιιν.
625 3049 803 3144 Epitheton
835 3068 942 3121 autem
971 3053 1138 3137 ἐριβρεμέα
1157 3055 1282 3146 tripodi

176 3176 334 3243 tributum
364 3179 439 3243 satis
470 3174 634 3244 rideretur
663 3187 775 3265 aptum
807 3197 899 3258 esse,
933 3177 960 3242 si
990 3197 1095 3243 sermo
1127 3188 1207 3242 esset
1238 3178 1282 3244 de

175 3296 282 3364 lebete
305 3297 529 3382 ε’μπνριβνίτρ,
555 3294 674 3387 tripodi
705 3318 782 3365 rero
804 3298 874 3365 lliis
899 3296 1007 3365 oblato
1029 3318 1094 3363 non
1114 3298 1281 3369 convenit.

178 3417 390 3509 corruptelae
413 3417 627 3507 suspicionem
648 3432 743 3507 auget
762 3418 886 3507 syllaba
906 3419 1008 3488 brevis
1029 3419 1062 3487 in
1085 3418 1281 3509 pentametri

159 3533 327 3619 caesura,
362 3559 460 3629 quam
491 3537 693 3627 transpositis
725 3536 944 3606 hemistichiis
976 3540 1064 3607 tollit
1090 3538 1280 3621 lambrias,

175 3673 209 3729 et
234 3661 294 3728 llei
323 3682 463 3739 nomen,
489 3658 542 3723 cui
570 3658 673 3748 tripos
704 3655 872 3725 dedicatus
899 3672 972 3737 est,
1008 3661 1172 3732 omissum.
1219 3661 1281 3731 liis

175 3782 420 3850 difficultatibus
444 3800 615 3847 occurrere
634 3778 733 3856 licet,
758 3780 902 3869 scripto:

175 3957 178 3964 .
263 3910 384 3980 στῆσαν
408 3900 613 3989 Ἐριβρεμέτρ
635 3897 799 3968 δαιδάλεον
821 3900 975 3983 τρίποδα,

177 4026 201 4091 i.
224 4047 254 4091 e.
291 4025 361 4091 lori
391 4022 542 4092 Tonanti.
588 4022 639 4088 Ita
664 4022 845 4091 Mercurius
878 4020 997 4089 dicitur
1030 4018 1144 4101 Ἀρκάς
1174 4021 1215 4091 A.
1239 4023 1276 4091 Ρ.

176 4144 245 4220 v1,
271 4149 349 4214 315.
374 4150 406 4214 2.
441 4158 473 4212 et
501 4145 672 4221 Κυλλήνιος
705 4143 907 4234 Simpliciter
935 4167 954 4207 a
984 4139 1138 4233 Philippo
1172 4144 1213 4214 A.
1237 4146 1277 4219 Ρ.

175 4265 221 4332 Vl
233 4316 241 4344 ‚
268 4268 322 4334 92.
349 4270 383 4337 6,
407 4281 438 4334 et
461 4266 630 4359 Neptunus
648 4267 757 4343 Ἅλιος
781 4267 871 4337 Plan.
893 4268 972 4332 214.
999 4268 1032 4335 5.
