2932 5108
647 330 696 363 ..=
716 313 758 375 58
782 345 826 359 ..

179 498 266 564 tium
298 493 338 563 ad
365 494 456 582 Virg.
488 493 559 561 nst.
580 494 678 573 vlit,
708 498 763 566 68.
808 496 907 564 »Alii
933 494 1018 563 iruue
1045 496 1196 587 Daphnin
1226 498 1281 563 Pi·

176 618 283 711 pleatu
310 638 428 684 amasse
447 614 584 695 dieunt,
618 639 713 707 quarn
735 640 835 707 qunnr
864 640 880 685 a
912 617 1127 706 praedonibus
1150 630 1280 707 *raptans

178 734 324 827 Daphnis
342 747 521 826 pestutum
543 736 654 805 orbern
673 739 847 827 quaesisset
871 740 1107 830 invenissetque
1125 739 1157 813 in
1176 737 1280 827 Phry·

176 859 227 949 gia
245 856 330 948 apud
356 858 535 947 Lptiersam
556 880 663 947 regem
685 859 896 934 seruientem,
921 861 977 951 qui
999 859 1059 926 heu
1081 859 1151 949 lage
1169 862 1202 927 in
1223 861 1280 927 ad·

176 1001 272 1048 senaa
289 976 474 1055 saeviebat,
500 991 536 1043 ut
556 1001 656 1068 quum
677 980 794 1047 multas
816 994 937 1071 segetes
958 979 1111 1059 haberet,
1135 984 1280 1071 peregri·

177 1122 236 1171 nus
266 1098 473 1167 aduenientes
502 1120 610 1167 seeum
634 1113 754 1173 ruetera
783 1102 924 1183 fenerat,
959 1103 1123 1192 vietusque
1154 1101 1281 1175 iuberet

177 1219 305 1293 occidi.
338 1217 494 1287 Herculea
522 1220 691 1287 miseratus
714 1220 894 1309 Daphnidis
922 1224 1008 1297 uenit
1036 1221 1074 1287 ad
1110 1243 1216 1310 regens
1247 1233 1279 1287 et

177 1340 287 1415 uudita
309 1339 496 1407 conditione
525 1341 707 1409 certaminis
738 1341 855 1410 ieleeus
879 1340 919 1407 ad
940 1342 1126 1411 metendum
1152 1343 1279 1433 accepit

177 1484 280 1552 eaque
298 1462 364 1552 regi
382 1474 479 1553 eaput
506 1463 697 1553 amputarit.
745 1462 795 1531 ita
816 1461 966 1555 Daphnin
988 1463 1174 1553 epericulo
1196 1460 1280 1530 libe·

178 1584 263 1657 rasit
280 1594 312 1651 et
329 1583 359 1649 ei
379 1580 524 1670 Piplaaur
543 1580 752 1672 Nymphaus,
775 1605 873 1677 quam
896 1583 951 1649 alii
976 1583 1124 1655 Thaliam
1144 1583 1280 1661 dieunt,

177 1702 342 1783 reddidit,
367 1702 486 1792 quibus
510 1701 594 1768 detis
615 1704 746 1771 nomina
766 1704 872 1769 aulam
897 1725 1027 1794 quoqne
1053 1705 1174 1795 regiam,
1201 1725 1279 1777 run·

176 1824 329 1902 donavit,
364 1823 456 1895 ferali
488 1828 602 1914 sopita
631 1824 773 1893 metendi
804 1825 985 1899 carusius.”
1039 1825 1077 1901 Iu
1111 1847 1177 1916 quo
1206 1825 1281 1893 luen

179 1948 294 2019 launna
311 1958 360 2019 est
378 1958 452 2036 post
470 1945 621 2015 uerbumr
648 1947 857 2021 condonarit.¹
892 1946 933 2015 iit
954 1968 1015 2037 pro
1028 1952 1166 2036 sapito,
1190 1947 1279 2037 quud

178 2080 392 2160 corruptum,
418 2066 624 2141 scribendum
642 2081 712 2139 ast:
738 2068 831 2137 ferali
849 2073 1038 2158 eumpurite
1050 2070 1280 2145 ruetendinnt·

178 2193 277 2259 unius.
325 2191 367 2257 Et
393 2199 482 2255 reete
501 2187 684 2263 Herodotus
709 2189 907 2263 Graecorum
928 2190 1045 2261 Linum
1069 2190 1278 2278 uumpannnit.

178 2311 275 2383 Unde
297 2309 451 2401 querulus
467 2323 603 2380 eantusr
629 2309 878 2387 hirundineae,
891 2333 1000 2401 quens
1023 2309 1181 2397 Οόσόλνννν
1199 2310 1279 2385 disit

180 2432 344 2525 Pamphus
375 2433 461 2523 epud
496 2432 592 2503 Peras.
614 2433 687 2511 IX,
712 2436 768 2503 29.
792 2438 826 2502 3.
862 2431 950 2524 quud
979 2432 1020 2499 ad
1047 2432 1177 2501 Adonin
1205 2444 1280 2521 apte

179 2554 345 2625 transtulit
357 2553 502 2644 Sappho.
527 2552 696 2641 Significat
716 2554 815 2641 igitur
836 2554 984 2625 iuuenem
1003 2553 1173 2619 immatura
1192 2575 1280 2619 ruer·

179 2689 213 2745 te
228 2684 457 2767 praereptum,
482 2687 518 2737 nt
539 2673 687 2739 insenum
709 2683 874 2745 mortuum
893 2671 999 2747 serbis
1022 2670 1173 2748 νόνόλννε,
1199 2696 1280 2755 spre-

178 2795 258 2880 siups
278 2794 437 2860 aliueutus
465 2802 512 2859 est
545 2789 764 2858 Theudoridae
798 2790 839 2860 Δ.
862 2793 899 2859 Ρ.
922 2791 1006 2870 vn,
1032 2795 1110 2862 527.
1136 2798 1170 2863 3.
1216 2793 1280 2863 Sed

180 2917 268 2986 hune
292 2911 448 2991 santum,
473 2912 513 2980 de
540 2935 605 3003 quo
633 2910 746 2981 Suhol.
771 2911 869 2981 Hom.
895 2911 936 2980 11.
959 2912 1096 2994 xvtn,
1123 2917 1200 2986 570.
1222 2916 1280 2993 ais

179 3038 231 3111 ἐπὶ
252 3038 334 3121 Λίνῳ
355 3036 400 3119 rei
419 3031 617 3109 ’Λπόλλωνος
637 3032 724 3100 narii
746 3031 901 3117 indivisse
922 3034 1018 3117 νννσόῳ
1039 3033 1091 3101 uui
1110 3036 1168 3103 ὑπὸ
1185 3041 1279 3102 νννῶν

178 3163 360 3244 retraetans
378 3153 600 3225 δινσπννσόέντν
617 3155 737 3239 πρώτην
756 3156 928 3241 siriniensi,
954 3155 1038 3223 mele
1059 3156 1198 3247 intelligi
1218 3179 1279 3246 pu·

181 3294 291 3353 tarunt
311 3280 352 3347 ab
372 3280 514 3347 Homero
536 3266 607 3367 ipsu
626 3276 738 3345 Iliadis
762 3274 785 3346 l.
807 3298 838 3344 e.

268 3405 365 3471 σοῖσιν
383 3397 410 3464 δ’
430 3396 462 3463 ἐν
479 3395 622 3478 μέσσοισι
640 3395 717 3473 ardis
736 3397 895 3481 φόρμνννν
915 3398 1020 3482 λιγείῃ

268 3518 389 3604 ἱμερόεν
411 3516 567 3602 saisieris,
592 3519 673 3587 λόνσν
696 3519 723 3585 δ’
747 3519 806 3585 ὑπὸ
826 3520 922 3586 κνλὸν
942 3516 1042 3587 densa

267 3639 431 3725 λεπταλέῃ
452 3644 551 3724 φωνῇ.

181 3764 388 3836 hirensibus
409 3762 495 3830 euim
518 3754 627 3828 Ovidii
645 3759 684 3826 de
709 3758 832 3850 Orphei
856 3772 968 3849 patre:

270 3887 409 3956 selinon
428 3885 461 3949 in
483 3882 578 3970 sylvis
599 3881 683 3947 idem
706 3893 797 3973 petar
820 3878 958 3947 selinon
983 3879 1055 3945 uitis

315 4006 434 4075 dicitur
455 4007 570 4070 innita
592 4001 791 4068 concinuisse
815 4001 921 4089 lyra,

181 4151 259 4219 quos
280 4151 392 4221 parum
418 4140 505 4196 reete
538 4126 764 4215 interpretatos
789 4120 879 4188 uideo
902 4123 984 4187 viros
1007 4117 1137 4197 doetus,
1164 4120 1275 4209 sequi⁴

181 4266 232 4317 tur
257 4249 342 4339 lyrne
365 4250 474 4317 rnudus
499 4272 514 4314 a
539 4258 633 4313 centu
657 4244 758 4312 flebili
788 4244 908 4310 alienus
944 4262 1020 4307 essa.
1068 4238 1117 4307 Itu
1149 4237 1276 4331 Sopho-
