2932 5108
703 367 882 431 ...ρο-

248 554 410 625 Historiae
432 549 509 626 huic
539 547 677 619 fabulari
699 550 893 621 enarrandae
917 552 950 618 in
978 551 1207 642 epigrammate
1234 553 1343 625 nullus

246 676 348 746 iocos.
392 671 457 744 ssa
487 669 702 742 callimachus
729 683 797 741 orat
825 669 1009 752 Battiadas,
1033 672 1122 740 Batti
1141 675 1251 758 filias,
1275 698 1341 767 qua

247 795 454 885 homonymia
483 814 557 860 usus
586 791 651 859 siro
674 792 781 882 potius
801 791 918 859 abusus
946 803 995 859 ost
1024 789 1216 882 Apollonius
1240 808 1277 864 ut
1296 798 1340 880 ,in

247 911 482 985 Callimachum
505 909 674 980 maledicta
697 911 858 1002 ingereret
880 914 978 1003 eiquo
995 911 1140 982 fraudem
1161 915 1340 1006 exprobro·

244 1047 307 1105 ret.
354 1031 404 1102 Ad
426 1032 510 1101 idem
530 1032 707 1101 carminum
730 1056 829 1124 genus
857 1033 1024 1103 reserenda
1047 1045 1123 1101 sunt
1142 1033 1341 1103 Dioscuridis

243 1156 473 1247 epigrammata
497 1153 537 1223 d.
560 1153 596 1224 P.
618 1153 684 1233 XI,
709 1156 775 1222 363
798 1166 832 1222 ot
859 1158 944 1234 tat,
968 1152 1023 1222 sod
1047 1152 1212 1245 aliquanto
1235 1153 1340 1222 ionias

243 1287 292 1344 est
314 1275 508 1366 epigramma
532 1270 620 1363 quod
646 1271 823 1365 Sophocles
853 1272 887 1340 in
914 1273 1027 1364 vulgus
1055 1273 1176 1354 edidit,
1211 1273 1339 1342 ulturus

243 1394 409 1486 Euripidis
426 1392 585 1472 dicteria,
607 1391 660 1459 cui
683 1393 849 1461 materiam
867 1385 1011 1462 iocorum
1035 1392 1227 1484 praebuerat
1248 1394 1337 1486 quod

242 1513 343 1605 pallio
376 1524 524 1604 surrepto
545 1536 563 1579 a
592 1534 693 1603 puero
716 1535 856 1603 quocum
879 1535 948 1581 ram
982 1512 1164 1594 habuerat,
1195 1515 1337 1582 seminu-

242 1633 301 1702 dus
324 1632 497 1703 destitutus
523 1645 617 1703 osset.
665 1633 713 1701 Do
743 1655 808 1722 quo
831 1634 1047 1724 Hieronymus
1071 1633 1219 1703 Rhodios
1248 1635 1336 1726 apud

242 1752 362 1822 Athen·
385 1754 486 1836 Xlll,
513 1757 574 1848 ¹82.
606 1753 622 1819 ὅ
648 1757 814 1836 Σοφοκλῆς
844 1752 982 1830 ἀκούσας
1012 1752 1152 1830 ἐποίησιν
1177 1754 1337 1829 cicatricis

239 1878 373 1942 τοιοῦτον
395 1874 588 1959 ἐπίγραμμα
609 1870 807 1956 χρισάμενος
832 1873 875 1956 τῷ
904 1872 973 1956 περὶ
992 1876 1047 1939 τοῦ
1072 1873 1179 1940 Ἡλίου
1206 1872 1259 1940 καὶ
1280 1885 1335 1943 Βο-

239 1991 306 2073 ρέου
332 1992 429 2078 λόγῳ,
453 1993 507 2063 καὶ
526 1994 565 2061 τὸ
590 1993 663 2077 πρὸς
688 1993 835 2077 μοιχείαν
860 1994 958 2060 αὐτοῦ
980 1989 1278 2075 παραινιττόμενος·

328 2115 437 2192 Ἥλιος
453 2114 512 2195 ἦν,
535 2116 570 2182 οὐ
590 2121 690 2190 ταῖς,
714 2112 881 2197 Εὐριπίδη,
905 2109 939 2189 ὅς
957 2137 1000 2193 με
1018 2112 1170 2197 χλιαίνων

420 2235 540 2316 γυμνὸν
562 2233 722 2310 ἐποίησεν·
746 2231 792 2300 τοὶ
816 2232 848 2299 δὲ
867 2234 1008 2318 Φιλοῦνθ’
1027 2231 1134 2317 ἑτέραν

329 2355 441 2436 Βορρῖις
459 2354 620 2435 ὡμίλησε·
643 2354 684 2422 σὺ
701 2353 728 2420 δ’
744 2355 778 2420 οὐ
797 2353 894 2438 σοφὸς
917 2348 949 2429 ὃς
966 2353 1020 2421 τὸν
1033 2355 1182 2436 Ἔρωτα,

418 2474 589 2559 ἀλλοτρίαν
611 2475 799 2559 σπείρων,
820 2470 1000 2549 λωποδύτην
1018 2472 1171 2556 ἀπάγεις.

240 2592 472 2661 commentarii
504 2595 604 2661 ricem
633 2605 743 2662 tenent
766 2593 955 2679 Hieronymi
980 2594 1075 2671 rerba
1106 2616 1189 2685 quae
1210 2595 1334 2684 integra

240 2711 392 2801 apposuit
409 2709 605 2781 athenaeus.
638 2710 699 2778 Sed
720 2732 760 2777 ne
778 2708 829 2776 rel
846 2711 892 2775 sio
912 2709 1043 2799 quidem
1062 2733 1155 2777 rorua
1173 2714 1335 2803 epigram·

239 2828 604 2921 matisaensuaupc'rtus.
628 2829 718 2899 Vas
741 2827 966 2919 corrigendum
983 2841 1051 2897 ost:
1077 2831 1196 2913 πειρῶν.
1234 2833 1332 2899 Euri·

239 2949 347 3041 pidem
361 2950 448 3018 enim
467 2972 595 3017 urorcm
608 2949 745 3019 alienam
768 2960 903 3016 tentasse
915 2946 1064 3038 quidem,
1089 2947 1144 3016 sed
1164 2950 1230 3017 soti
1244 2973 1334 3021 cont·

239 3081 349 3159 potem
369 3069 491 3137 iactum
515 3093 578 3137 non
602 3093 694 3152 csso,
719 3069 910 3160 intelligitur
930 3091 966 3136 cr
990 3068 1078 3138 rs.'3
1104 3068 1160 3136 ubi
1183 3061 1332 3163 Euripidi

236 3212 345 3259 amoro
361 3190 509 3281 flagranti
530 3213 594 3258 non
613 3191 729 3259 leniter
748 3188 875 3283 placida
895 3189 1003 3258 Venus
1023 3189 1167 3270 afflasse,
1192 3189 1246 3258 scd
1270 3192 1331 3259 fri-

236 3308 418 3402 gidisaimus
442 3325 552 3377 reatus
570 3309 688 3381 Boreas
708 3310 858 3379 adversus
881 3311 1056 3378 occurrisse
1078 3308 1208 3381 dicitur.
1244 3311 1332 3381 Ulti-

237 3453 364 3501 morum
376 3431 476 3520 igitur
493 3452 620 3502 renarra:
648 3455 670 3498 r>
684 3445 719 3500 tu
740 3430 838 3500 stulto
852 3453 927 3499 sano
938 3479 949 3513 ,
971 3431 1038 3523 ipss
1061 3428 1213 3501 furtivam
1226 3432 1332 3504 Vene-

237 3761 385 3836 Utrumque
402 3760 518 3818 versibus
536 3759 749 3837 Metamorphoses
766 3757 896 3834 scripsisse
913 3756 1040 3827 ooniioio,
1059 3766 1091 3815 ut
1108 3759 1252 3833 Nicander,
1272 3766 1332 3819 Par·

236 3863 363 3937 thonius,
384 3867 475 3922 Nestor
497 3866 672 3923 Laraudensis.
708 3868 743 3922 Et
766 3864 914 3940 Antigonus
932 3862 1053 3936 νικήσας
1071 3862 1156 3937 ἔπος,
1182 3865 1331 3925 carminum

235 3968 320 4044 igitur
344 3969 446 4027 heroion
476 3980 560 4028 metro
587 3971 743 4048 scriptoram
760 3979 835 4048 pocta
852 3969 882 4025 in
905 3969 1048 4028 certamine
1066 3971 1149 4027 ricton
1171 3968 1251 4025 fuisse
1274 3991 1331 4047 per·

235 4071 344 4129 hibetur
361 4074 390 4130 in
414 4073 496 4131 titulo
520 4074 627 4145 Attico,
650 4078 677 4130 G
694 4079 715 4130 1.
741 4075 936 4144 c.200,1s.‚
960 4072 1033 4132 haud
1056 4072 1136 4130 dubie
1162 4071 1279 4132 diversus
1295 4075 1330 4132 ab

234 4177 366 4254 Antigono
391 4180 508 4257 Carystio
529 4178 612 4238 nobili
636 4179 760 4237 Vitamm
777 4177 921 4255 scriptore,
939 4180 1016 4238 cuius
1033 4177 1098 4236 duos
1116 4196 1204 4236 versus
1225 4198 1255 4238 ex
1274 4198 1330 4238 oar·

236 4283 308 4342 minc
323 4284 461 4362 Antipatro
478 4284 570 4346 ductos
588 4283 704 4345 laudarit
723 4283 871 4345 Athenaeus
887 4286 945 4358 ΙΙΙ,
965 4287 1000 4340 82
1018 4285 1045 4338 a.
