2932 5108
643 351 822 414 ...28-

176 534 217 603 ad
240 531 428 610 Eudami,
456 540 485 603 1.
515 538 545 603 1.
591 539 628 600 ‘0
647 535 705 612 μὲν
725 536 756 600 ἕν
776 535 870 619 Δήλιρ
892 535 980 617 παρὰ
999 538 1041 619 τῷ
1061 538 1115 621 θεῷ
1139 539 1194 614 risa
1213 541 1271 606 αὑ-

175 660 230 725 τοῦ
249 656 376 739 γνώμαν
394 652 637 741 ἀποφηνάμενος
661 654 843 738 ἐπέγραψεν
866 653 917 720 έπί
945 657 982 722 τί
1000 657 1190 738 προπύλαιον
1216 662 1270 727 τοῦ

175 775 303 862 Λητῷον
321 777 474 854 ποιήσας·

265 896 435 965 κοίλλισσον
457 897 492 964 τὸ
516 895 729 973 immissarum
753 898 870 980 λῷστον
888 897 916 963 δ’
936 897 1104 978 ὑγιαίνειν·

355 1016 480 1086 πάντων
503 1018 531 1084 δ’
555 1018 692 1098 ἥδιστον,
717 1022 772 1086 τοῦ
795 1043 843 1094 τις
867 1020 922 1105 ε’ρῷ
945 1020 981 1087 τί
1003 1029 1126 1103 τυχεῖν.

177 1137 270 1227 Quod
290 1140 326 1207 τὸ
347 1141 504 1216 Δηλιακὸν
528 1140 721 1222 ἐπίγραμμα
744 1137 863 1204 dicitur
885 1136 924 1204 ad
945 1137 1074 1208 Niccm.
1094 1139 1131 1217 1,
1157 1141 1190 1209 8.
1218 1145 1270 1210 lt.

177 1259 233 1326 ubi
252 1283 359 1327 sersus
382 1261 552 1327 minorita
575 1258 714 1346 legitur:
739 1256 860 1335 ίῷιστον
882 1255 914 1323 δέ
934 1255 1059 1340 πέφυχ’
1081 1253 1117 1326 οὗ
1132 1282 1180 1335 τις
1204 1261 1268 1326 κτὲ.

177 1378 223 1450 Its
244 1376 389 1469 Theogu.
414 1402 459 1447 ss⁴
479 1381 545 1445 256
565 1375 812 1467 corrigendumz

310 1496 436 1565 πάντων
458 1497 485 1565 δ’
508 1497 628 1578 ἥδιστον
651 1501 705 1564 τοῦ
725 1521 773 1572 τις
792 1496 893 1580 ἕραιπο
912 1506 1033 1582 τυχεῖν.

176 1620 259 1688 item
283 1619 346 1686 alia
375 1618 542 1710 inscriptio
573 1616 658 1709 apud
693 1616 805 1687 Schol.
837 1619 916 1689 Eur.
949 1620 1050 1712 Hipp.
1075 1623 1153 1691 263.
1176 1621 1213 1687 τὸ
1240 1620 1271 1687 u

175 1739 271 1819 μηδὲν
295 1737 383 1820 ἄγαν
413 1741 440 1807 οἱ
473 1740 532 1820 μὲν
559 1740 686 1806 Χείλωνι
717 1742 759 1823 τῷ
791 1739 1025 1824 Λακεδαιμονίῳ
1051 1741 1270 1815 οίνατιίέασιν,

175 1863 215 1937 ὥς
246 1861 396 1944 Κριτίας,
431 1861 457 1927 oi
485 1859 517 1927 δὲ
546 1856 709 1942 Σωδοίμςο,
742 1861 781 1934 ὥς
812 1857 849 1926 τὸ
879 1860 911 1925 έν
940 1859 1051 1946 Τεγέα
1081 1861 1272 1945 ἐπίγραμμα

175 1980 282 2058 δηλοῖ·
480 1954 484 1963 ι

178 2166 181 2171 .
267 2104 392 2170 ταῦτ’
415 2099 565 2180 ἔλεγεν
590 2100 737 2182 Σοίὸαμος
758 2101 954 2184 Ἐπηράτου,
979 2099 1010 2178 ίς
1030 2106 1066 2183 ρκ’
1085 2103 1248 2179 astarum·

356 2221 452 2301 μηδὲν
471 2218 578 2301 ἄγαν·
602 2222 718 2304 καιρῷ
737 2219 847 2288 ποίντα
867 2219 1013 2305 πρίσεστι
1033 2219 1131 2289 καλοί.

178 2344 245 2416 Ubi
269 2367 315 2413 rs.
337 2348 350 2411 1
384 2342 517 2412 malim:
542 2347 649 2409 ταῦτα
672 2341 784 2422 λέγει,
810 2365 911 2432 quum
938 2341 1023 2411 idem
1051 2344 1109 2434 qui
1137 2354 1272 2411 statuam

177 2464 358 2546 dedicarit,
384 2465 447 2533 hoc
476 2465 588 2532 effatus
615 2465 668 2531 sit.
719 2463 856 2532 Videtur
888 2476 995 2532 autem
1019 2463 1176 2533 Sodamus
1195 2463 1275 2532 haec

179 2587 377 2674 inscripsisse
403 2596 526 2651 statuae
552 2585 631 2649 deae
653 2585 820 2663 Nemesis,
846 2607 878 2653 s.
903 2584 1004 2653 suth.
1029 2584 1121 2654 Plau.
1146 2608 1177 2655 c.
1195 2590 1273 2657 22³.

179 2709 257 2776 224.
282 2705 323 2773 d.
349 2705 385 2773 Ρ.
404 2703 489 2782 x11,
513 2705 607 2782 193.,
633 2700 718 2768 uude
740 2703 896 2769 sententia
917 2703 1103 2791 flagitante,
1127 2704 1272 2772 scriben-

178 2825 256 2894 dum
279 2848 326 2893 rs.
349 2829 369 2889 2
404 2821 505 2905 μέτρῳ
531 2820 662 2898 ποίντα,
688 2822 776 2912 quod
800 2833 832 2887 et
857 2821 924 2910 ipsa
955 2822 1038 2886 ratio
1061 2824 1274 2913 oppositionis

180 2946 350 3016 uerborum
373 2942 469 3024 μηδὲν
490 2939 578 3023 ἄγαν
599 2940 762 3033 postulare
781 2941 919 3012 ridetur.
966 2941 1002 3009 Si
1025 2945 1117 3026 καιρῷ
1137 2967 1271 3023 sanum,

179 3066 259 3134 haec
284 3064 455 3133 simulacro
491 3068 602 3146 Καιροῦ
634 3062 786 3153 iuscripta
819 3063 915 3129 fuisse
945 3061 1161 3133 statuendum.
1208 3065 1272 3132 Sed

179 3200 303 3256 statuae
326 3185 516 3274 inscriptum
536 3182 680 3249 nonfuit
700 3184 762 3274 lup.
788 3185 872 3274 App.
892 3186 970 3253 206.

269 3303 304 3384 ἦν
323 3303 567 3384 Λακεδαιμόνιοι
587 3303 705 3371 Χείλων
725 3305 840 3389 σοφὸς,
865 3300 896 3380 ὃς
915 3301 987 3370 ταδ’
1005 3300 1129 3381 ἔλεξεν·

359 3424 454 3504 μηδὲν
473 3421 579 3504 σ’ίγαν·
603 3426 695 3507 καιρῷ
712 3424 821 3492 ποίνπα
838 3423 984 3510 πρόσεστι
1004 3422 1102 3490 καλοί.

182 3548 253 3635 Quo
276 3569 351 3613 cass
372 3547 472 3613 utaris
496 3545 535 3610 ad
563 3543 796 3612 defendendam
821 3545 1006 3639 vulgatam
1037 3549 1130 3613 ταῦτ’
1150 3543 1270 3626 ἔλεγεν.

180 3666 254 3736 Non
288 3668 373 3735 enim
407 3665 503 3734 Chilo
533 3668 589 3754 qui
618 3664 700 3732 hauc
729 3667 919 3732 seutentiam
949 3666 1109 3754 protulit,
1139 3665 1271 3733 eandem

183 3789 342 3880 inscripsit
363 3785 449 3879 quud
470 3787 548 3854 fecit
566 3785 734 3856 Sodamus.
770 3787 843 3853 Nau
866 3783 1036 3854 dissimiles
1059 3799 1132 3854 sunt
1155 3785 1273 3851 iuscri-

181 3910 308 3999 ptiuues
328 3931 406 4000 quus
435 3906 643 3996 Hipparchus
672 3907 800 3976 Hermis
826 3908 859 3973 iu
880 3906 996 3975 'Attica
1027 3904 1126 3974 incidi
1159 3905 1272 3982 iussit,

182 4027 266 4120 apud
289 4030 371 4098 Plat.
396 4023 578 4118 Hipparch.
601 4029 666 4093 228
692 4027 733 4098 Ι).

273 4157 384 4229 μνῆμα
403 4149 466 4217 το2’
485 4146 679 4233 Ἱπποίρχον·
704 4154 815 4231 στεῖχε
835 4145 941 4215 δίκαια
960 4150 1092 4229 Φρονῶν,

185 4282 236 4339 ct:
262 4295 298 4350 μ.
318 4295 346 4335 τ.
367 4276 401 4338 Ἱ.
427 4274 471 4351 μέν
495 4272 587 4355 Φίλον
606 4267 765 4350 ἐξαπάτα.
816 4268 878 4339 Sed
897 4264 1054 4357 imprimis
1075 4263 1125 4332 his
1145 4269 1275 4354 praece·
