2932 5108
648 348 829 437 3-96-

188 530 219 601 in
246 557 291 603 vs.
315 516 358 599 tl¹
378 531 540 623 probabili
564 535 749 602 coniectura
771 534 940 599 restituere
963 534 1080 623 possita

362 649 421 720 eido
444 677 480 720 τε
502 654 641 737 φιλάέριρ
662 652 903 735 ἀπεψιλωμένον
925 654 1046 721 δστεῡν.

183 771 229 845 Ut
257 798 324 842 ossa
353 772 514 841 denudata
540 772 713 851 dicantur,
738 786 773 839 ut
803 787 900 866 caput
929 773 1088 864 psilothro
1112 772 1280 862 epiiaturtt.

181 895 244 963 Sed
276 896 409 963 fortasse
439 896 538 962 satius
569 896 610 961 ait
638 893 689 961 his
716 917 846 961 manum
877 894 1051 962 abstinere.
1106 893 1180 961 Alia
1211 915 1282 960 cer·

182 1019 222 1083 tia
246 1016 314 1084 iere
341 1014 621 1085 emendationibus
647 1014 689 1081 ab
713 1014 900 1083 Hermanno
920 1028 954 1081 et
982 1012 1144 1089 dicinokio
1173 1028 1282 1081 sauata

179 1150 279 1217 sunt,
304 1151 341 1204 ut
371 1136 523 1205 ultimam
552 1133 728 1207 distichon.
773 1135 841 1207 Ubi
862 1135 986 1205 codex:
1018 1136 1085 1203 αἰέν
1107 1157 1214 1203 τιντσν
1236 1136 1281 1219 σᾷ

178 1257 393 1341 μεμνημένος,
418 1254 513 1343 άχρις
536 1258 648 1342 ὄρινλζις
667 1255 766 1339 ζωῆς,
790 1254 826 1335 ἐξ
845 1253 907 1334 einr
929 1255 1095 1343 ἧρριδνισας
1115 1255 1280 1338 καλάμης.

94 1420 105 1443 .
179 1380 366 1449 Hermanno
388 1378 548 1448 debetur:
583 1379 644 1447 aiei
668 1383 760 1446 ταῦτα
783 1377 838 1462 νόω
861 1403 924 1459 ια,
956 1392 1081 1447 caetera
1104 1378 1283 1449 disinekio·

178 1500 275 1571 Vel
311 1500 411 1569 codor
437 1501 574 1585 ὤνθρωπε
606 1497 693 1591 qnod
722 1499 902 1570 Mainakius
925 1504 959 1569 in
990 1502 1174 1569 vocativum
1207 1500 1282 1591 pla·

178 1622 277 1689 rudem
307 1623 456 1691 mutarit.
504 1620 588 1689 Huic
612 1642 688 1689 aero
713 1618 921 1700 adversatur,
954 1620 1042 1713 qaod
1073 1644 1147 1689 mox
1175 1621 1281 1712 sequi*

178 1756 254 1811 tur:
287 1739 381 1827 ὦνερ,
415 1757 543 1810 utnon
576 1740 792 1810 dubitandum
827 1742 870 1809 ait
905 1743 985 1832 quin
1023 1744 1056 1809 in
1095 1742 1281 1809 universum

179 1862 263 1931 hanc
285 1863 477 1931 sententiam
499 1862 540 1931 de
565 1860 752 1930 hominibus
783 1862 998 1931 enuntiaverit
1030 1875 1139 1953 poeta.
1184 1860 1280 1935 Unde

177 1985 373 2076 pentametri
401 1983 521 2062 acrba,
554 1982 612 2050 ubi
641 1980 762 2053 rodere
789 1979 867 2064 ὕψος
894 1984 925 2049 τ’
950 1981 1023 2065 ἠέρα
1049 1983 1102 2050 καὶ
1127 2007 1153 2050 ν.
1178 1983 1280 2050 corri-

177 2106 293 2197 genda.
350 2105 417 2175 Ubi
442 2104 626 2175 lacobsiusa
661 2104 752 2187 ὑφαῖς
785 2103 882 2187 ἠέρα.
918 2103 1119 2174 Meinekius:
1151 2104 1280 2187 tonost·

176 2202 250 2310 ἠέρα
268 2224 332 2301 asic
356 2224 507 2310 νεφέλας.
558 2221 651 2312 Quod
680 2223 871 2290 adsensum
897 2225 1136 2305 rectissimum,
1168 2224 1209 2292 ab
1238 2224 1280 2292 ti·

178 2364 319 2414 terarum
346 2344 498 2414 ductibus
527 2346 660 2438 propias
686 2344 777 2412 abest
802 2343 980 2413 Hermsuni
1003 2346 1192 2413 inventurn:
1218 2345 1280 2411 κάν

175 2466 324 2554 νεφέλας.
375 2467 439 2555 Qui
463 2468 625 2558 integrum
655 2464 818 2534 distichon
850 2467 972 2534 sanarit
1001 2469 1145 2557 scripto:
1169 2464 1280 2550 άνέρω·

175 2612 227 2656 πσι
250 2626 296 2639 -
319 2589 448 2671 ddo'risr’
471 2587 545 2669 ἠέρα
564 2587 625 2653 κάν
652 2587 802 2671 νεφέλας.
857 2587 922 2655 Sed
952 2587 993 2654 de
1026 2588 1161 2656 caeteris
1193 2588 1278 2656 idem

177 2710 227 2774 eir
243 2707 454 2774 doctissimas
481 2727 596 2797 parum
622 2704 803 2793 probabilia
828 2716 861 2770 et
891 2703 983 2771 valde
1011 2706 1173 2772 mirabilia
1196 2731 1278 2798 pro·
1374 2682 1378 2689 Ι

180 2828 269 2897 tulit.
317 2829 501 2918 Utrumque
523 2838 630 2893 autem
652 2824 815 2893 Leonidae
832 2846 961 2893 carmen
978 2825 1084 2894 eidem
1106 2825 1206 2918 lapidi
1227 2831 1280 2897 iu·

177 2951 334 3043 scriptum
367 2949 465 3017 faisse
494 2961 598 3040 puto,
633 2947 719 3038 quod
746 2948 831 3015 ritae
861 2948 1003 3016 taedium
1028 2962 1168 3041 utroque
1190 2974 1278 3020 com·

177 3070 341 3140 mandavit
370 3071 571 3162 lectoresque
603 3070 731 3138 iusserit
759 3070 941 3139 meminisse
961 3073 1058 3165 mpori.
1104 3074 1163 3142 His
1184 3075 1280 3164 iunge

58 3270 61 3276 ¹
177 3195 394 3262 suavissimam
425 3192 670 3284 inscriptionem
693 3190 807 3259 Persae
841 3192 881 3261 Δ.
907 3192 944 3262 Ρ.
967 3193 1051 3273 vtt,
1078 3196 1156 3263 730.

269 3313 408 3380 Δειλαέα
428 3310 632 3389 Μνάσνλλα,
655 3312 690 3380 σι’
706 3336 754 3380 τοι
774 3311 827 3380 καὶ
848 3313 900 3380 ἐπ’
921 3313 990 3397 cipio
1013 3309 1100 3389 οὗτος

356 3431 515 3519 ρινριαένρι
537 3432 648 3517 κούραν
669 3434 812 3518 γραπσὸς
834 3433 943 3503 έπεσπι
966 3435 1064 3512 τῦπις

268 3555 452 3635 Νεντέμανς
476 3551 516 3630 άς
535 3553 571 3631 δή
591 3556 662 3621 ποκ’
681 3555 745 3621 άπὸ
764 3554 877 3637 ψυχάν
894 3555 1041 3639 ἐρύσαντο

357 3673 481 3751 ὠδῖνες,
506 3680 608 3741 κεῖται
629 3673 656 3741 δ’
676 3669 725 3741 νέα
745 3675 832 3741 κατά
850 3673 1022 3759 βλεφάρων

267 3795 374 3878 άχλύϊ
394 3794 629 3880 πλημμύροντα
647 3795 748 3879 φίλας
773 3795 833 3861 ὑπὸ
850 3794 971 3878 ματρὸς
992 3797 1140 3881 άγσστῷ·

360 3915 433 3983 αἰαῖ
451 3915 478 3983 δ’
498 3914 715 3999 Ἀριστοτέλης
734 3915 762 3981 δ’
781 3917 836 3982 οὐκ
857 3914 1014 3985 άπάνενθε
1036 3920 1140 3999 πατὴρ

267 4035 406 4123 δεξιτερᾷ
427 4036 575 4121 κεφαλάν
598 4036 832 4118 ἐπιμάσσεται·
856 4035 987 4120 ὦμέγα
1008 4036 1100 4105 δειλά

238 4196 240 4201 ·
358 4159 425 4227 nott
445 4157 586 4234 θανόντες
609 4160 664 4225 ἑῶν
682 4157 859 4237 ε’ξελάάεσά
879 4160 994 4243 ἀχέων.

178 4278 215 4346 ln
244 4302 309 4369 quo
335 4282 487 4351 nonnulla
516 4282 607 4350 aliter
636 4282 819 4351 excudenda
845 4285 966 4352 curari.
1018 4283 1131 4349 Versus
1162 4303 1274 4349 secan·
