2932 5108
632 348 824 409 -198-

279 538 296 609 ἡ
317 540 450 616 πτωχῶν
471 534 629 615 χοιρίεσσιι
642 534 806 609 ’τιιυοτλίη
827 536 1049 614 astronomum

365 654 457 731 αὕτη.

188 776 232 844 Ut
264 799 358 866 crepe
388 800 544 867 pauperes
577 766 730 845 dicuntur
764 782 964 856 ιιύτολήκυθσι
996 792 1029 846 et
1061 780 1282 859 muculentos,

186 900 269 962 itus
298 898 471 967 Polemone
500 900 709 979 ιιθτσιιοίρυυοι
735 900 815 966 dicti
838 900 1002 971 videntur.
1049 901 1186 991 Reliqua
1216 902 1284 969 lere

187 1022 293 1087 omnin
330 1022 469 1087 earmina
505 1020 582 1086 libri
611 1020 696 1087 Noni
733 1021 808 1087 inde
841 1046 858 1088 u
892 1044 922 1091 c.
947 1024 1025 1091 684.
1059 1024 1284 1113 inscriptiones

185 1155 280 1221 sunt,
306 1164 442 1232 quorum
469 1164 563 1209 uuum
594 1144 627 1208 in
656 1143 722 1209 fine
750 1143 845 1209 huius
866 1144 942 1209 libri
972 1143 1141 1224 trectrbo,
1166 1143 1284 1211 sacello

183 1262 372 1351 inscriptum
392 1282 521 1328 carmen
545 1262 750 1352 Apollonidis
773 1286 803 1331 c.
826 1266 903 1331 791.

273 1384 377 1465 Μητρί
401 1383 640 1467 ιτεριστεφθοι
662 1386 775 1460 σηκὸν
797 1383 943 1467 Κυθέρειοι
964 1386 1109 1469 θοιλιίστη

364 1502 516 1588 κρηπῖδας
539 1504 651 1583 βυθίσιρ
675 1506 801 1585 οίδμοιτι
824 1504 1044 1587 τηξοιμένη·

273 1626 377 1707 χοιίρει
401 1625 427 1691 θ’
451 1625 539 1709 ἀμφὶ
562 1629 598 1692 σὲ
621 1625 753 1702 τθυτος,
780 1628 831 1693 leri
855 1628 1003 1711 Ζεφύροιο
1026 1639 1151 1715 τυσῇσιυ

362 1746 482 1829 ἀφρὸν
504 1747 580 1829 ὑπὲρ
603 1749 697 1813 volsco
719 1746 876 1813 κυσίυεου
898 1746 1065 1827 γελοίους·

273 1863 375 1934 siletur
398 1866 425 1932 θ’
443 1866 588 1946 εθσεβίης
612 1872 670 1951 υηῷ
693 1869 745 1934 τὸν
765 1868 908 1951 ἐγείροιτο
931 1875 995 1934 σεῖο

361 1987 564 2068 Πόστουμος,
589 1991 725 2071 auxiium
749 1987 867 2069 μίζουοι
888 1992 1005 2071 Φλουσι
1028 1986 1155 2074 Holmon.

182 2110 237 2178 Vs.
261 2114 291 2177 1.
318 2108 446 2177 brevem
471 2108 626 2199 syllabam
655 2110 686 2176 in
708 2132 836 2176 coesuro
862 2109 1072 2200 productum,
1100 2109 1158 2177 ubi
1181 2110 1283 2181 codex

181 2232 410 2316 τεριστρεφὲσ,
438 2231 508 2298 tolli
525 2232 614 2296 iussit
636 2232 838 2298 Hermonnus
858 2232 897 2295 ud
919 2229 1023 2321 0rplr.
1047 2254 1081 2321 p.
1104 2235 1183 2303 767.
1207 2254 1282 2301 cor·

179 2356 307 2446 rigens:
333 2352 543 2436 τεριστεφίιις
562 2357 668 2428 σηκοῦ.
720 2351 811 2439 Quod
835 2350 983 2442 proborit
1004 2352 1180 2423 luoobsius.
1212 2353 1280 2424 'Sed

181 2499 221 2541 ne
251 2474 358 2541 omnin
390 2472 547 2541 adiectirr
579 2475 635 2539 uni
668 2473 866 2539 substantivo
896 2467 1041 2556 ιιρητιῖθες
1074 2476 1282 2559 tribuentur,

179 2595 330 2687 equidem
355 2596 472 2661 rectius
494 2607 596 2685 puto:

269 2716 372 2798 Μητρὶ
394 2714 595 2798 τεριστεφέος
618 2720 713 2791 σηκοῦ
736 2714 882 2797 Κυθέρεια
904 2714 1048 2800 θυλοίσση

361 2837 512 2919 κρητῒόοις
534 2837 646 2915 βυθίσις
669 2834 795 2915 siluam
819 2834 999 2916 τηξιίμεθοι.

179 2959 241 3025 Pro
261 2954 427 3037 τηξιιμὲυη
450 2955 616 3024 Incobsius
643 2955 682 3021 erl
706 2954 808 3023 Antis.
833 2969 859 3025 t.
882 2956 958 3027 ΧΠ.
984 2981 1018 3048 p.
1039 2960 1115 3028 480.
1140 2962 1279 3031 coniecit

177 3078 267 3157 τῆξαι
288 3076 396 3161 μέσῳ,
430 3078 487 3146 sed
518 3075 599 3143 milri
632 3075 772 3143 medium
800 3074 972 3156 τηξιίμιθιι
994 3079 1101 3168 eptius
1136 3081 1276 3153 ridetur.

178 3203 349 3270 Postumus
384 3202 470 3268 enim
504 3199 566 3265 hoo
599 3198 781 3266 laciendum
819 3211 1010 3279 curaverat,
1044 3202 1131 3290 quod
1171 3201 1277 3270 medin

178 3323 269 3389 uerbi
293 3323 395 3387 forme
420 3321 640 3409 significetur,
667 3334 702 3387 ut
723 3333 756 3388 et
776 3343 821 3389 rs.
842 3325 874 3390 5.
898 3321 957 3386 ubi
978 3323 1121 3405 ἐγείροιτο
1144 3323 1276 3415 scripsi,

178 3463 275 3532 quam
308 3461 516 3531 personarum
551 3442 763 3507 mutationem
792 3453 827 3506 ut
857 3465 875 3507 n
908 3443 1011 3531 prims
1037 3444 1095 3509 lint
1126 3447 1276 3513 transitus

177 3561 217 3629 nd
242 3574 389 3653 quartem
413 3562 446 3627 in
478 3561 696 3651 superioribus
718 3562 890 3630 illustrari.
938 3563 1002 3629 Pro
1024 3562 1168 3643 e’yelooero
1189 3567 1275 3658 quod

178 3709 223 3754 rs.
247 3690 279 3755 5.
304 3688 336 3752 in
361 3682 472 3751 codice
494 3683 612 3773 legitur
640 3682 805 3750 lacobsios
827 3683 991 3750 Brunekio
1014 3683 1188 3755 obsecutus
1206 3688 1276 3756 edi·

174 3808 224 3874 dit
243 3806 412 3885 ἕθείριιιτο,
438 3815 567 3871 eterne
594 3802 676 3869 illurl
701 3801 833 3868 delendi
860 3824 952 3893 posse
981 3806 1033 3872 rir
1056 3809 1274 3889 crediderim,

175 3929 230 3996 sed
254 3928 396 4015 ἐγείροιτο
424 3927 531 4016 potius
553 3936 666 4017 poetae
698 3922 896 3992 reddendum
927 3929 1058 4018 putari,
1084 3952 1155 3995 num
1188 3930 1274 4007 ἐγεί-

175 4076 234 4136 ρειρ
257 4051 298 4116 de
321 4047 474 4115 nodiliciis
498 4046 658 4114 faciundis
683 4048 806 4137 optimo
829 4048 945 4115 dicitur
969 4062 1002 4116 et
1024 4048 1170 4137 pluribus
1192 4048 1272 4115 locis

173 4173 300 4240 literam
336 4196 350 4237 ι
384 4194 401 4236 u
438 4170 549 4259 putulo
578 4193 593 4251 ρ
626 4193 689 4236 non
727 4169 854 4239 dillcrre
894 4166 1272 4240 testaturl’aullsenius.
