2932 5108
621 308 826 369 -136-—

177 490 221 553 ris
251 485 355 554 doctis
389 490 554 553 offensioni
587 489 647 555 fuit
677 503 808 580 propter
838 490 968 555 alteram
1002 488 1274 577 comparutionem

177 608 320 687 illatam,
354 610 439 677 unde
470 610 632 677 lacobsius
662 615 756 693 χνοῦν
780 611 820 679 dc
850 634 960 701 spuma
993 610 1078 676 circa
1113 633 1168 676 oru
1198 610 1274 699 equi

175 731 310 796 collecta
341 732 570 820 interpretatus
603 744 674 810 est,
710 734 913 819 Boettigerus
947 754 1020 797 sero
1051 731 1091 796 de
1126 730 1274 797 sordibus

175 875 258 941 equa
282 850 462 920 abluendis.
513 853 656 938 Quorum
691 865 840 919 neutrum
870 851 934 916 huc
964 850 1111 941 quadrat.
1160 850 1275 939 Neque

175 972 209 1036 in
232 969 358 1061 duplici
380 972 620 1061 comparatione
641 972 851 1038 haerendum.
898 972 980 1039 Nom
1005 970 1100 1037 verba
1115 974 1155 1045 ὡς
1176 968 1273 1047 ἵππος

175 1092 215 1158 ed
234 1092 481 1173 ἀποσεισάμενος
505 1094 692 1184 pertinent;
724 1096 814 1183 prior
838 1094 1038 1182 comparatio
1067 1092 1165 1159 aerbo
1188 1091 1273 1171 λοὲμ-

175 1236 228 1280 πεν
251 1213 371 1283 addita.
420 1215 486 1281 lam
512 1230 547 1282 ut
567 1220 662 1297 χνοῦς
683 1214 804 1281 dicitur
825 1212 973 1280 iuvenilis
1004 1227 1037 1280 et
1062 1212 1197 1302 puerilis
1228 1213 1274 1278 la·

175 1357 284 1425 nugo,
306 1338 351 1402 ita
385 1333 447 1401 hoc
483 1336 553 1403 loco
584 1337 718 1410 πολοκὸς
742 1339 836 1417 χνοῦς
857 1349 904 1402 est
935 1334 1021 1425 quod
1052 1335 1136 1426 apud
1170 1335 1275 1422 liesg-

175 1458 288 1524 chium
319 1457 435 1548 legitur
469 1481 501 1527 a.
531 1462 647 1537 μνοῦς·
684 1460 701 1533 ἡ
733 1458 835 1539 προῦσν
866 1464 925 1523 σῦν
955 1457 1061 1537 dassia
1085 1456 1138 1521 κοιὶ
1165 1438 1275 1522 πώλονν

176 1576 346 1657 ἔξοῦνθνσος.
396 1581 497 1666 Quam
519 1592 551 1645 et
574 1579 681 1645 colore
703 1591 735 1645 ct
766 1577 869 1644 forma
895 1577 1139 1645 diversissimam
1167 1599 1274 1645 essee

178 1701 263 1767 iubis
286 1701 485 1789 longioribus
504 1723 663 1791 equorum
686 1700 868 1767 adultorum
898 1701 1020 1766 nemini
1040 1722 1105 1766 non
1125 1721 1274 1789 comper·

175 1834 257 1890 tum.
304 1821 372 1888 Hac
402 1820 501 1909 igitur
524 1819 697 1887 Charixeni
722 1843 796 1887 cum
827 1843 911 1910 equo
933 1820 1111 1911 comparati
1136 1821 1275 1909 imagine

175 1940 385 2032 intelligimus
407 1942 554 2008 iuvenem
581 1939 701 2025 ἔφηβον
723 1943 876 2032 primitiis
902 1942 1094 2032 capillorum
1117 1940 1194 2009 desc
1224 1963 1276 2007 sa-

176 2066 271 2131 cratis
292 2077 397 2153 togam
418 2066 565 2131 sumsisse
594 2063 732 2132 virilem.
778 2064 914 2154 Elegans
936 2066 1012 2132 item
1042 2063 1148 2133 sidem
1174 2063 1275 2131 done·

175 2185 223 2251 rio
250 2182 358 2249 addita
381 2184 549 2273 inscriptio
573 2182 792 2273 Euphorionis
816 2186 857 2253 l.
877 2185 914 2254 P.
941 2185 1011 2264 vl,
1036 2189 1115 2256 279.

266 2306 394 2386 Πρῶπονς
414 2302 526 2370 ὁππότ’
544 2301 636 2380 ἕπεξε
657 2303 760 2379 κοιλὰς
780 2303 912 2384 Εὔδοξος
932 2307 1047 2389 ἐθείρας

357 2425 459 2507 Φοίβῳ
481 2425 622 2500 aestans
645 2425 770 2492 ῦποοσεν
792 2426 956 2505 drusius·

266 2547 336 2614 sissi
360 2546 394 2613 δέ
416 2548 443 2612 oi
463 2546 677 2626 πλοκοομῖδος,
703 2545 881 2626 Ἑκηβόλε,
907 2547 1003 2621 καλὸς
1027 2546 1115 2621 ἐπείη

356 2669 530 2750 οῦχοορνῦῦεν
553 2667 603 2733 ἀεὶ
627 2668 730 2741 κισσὸς
754 2666 968 2747 οῦεξομὲνος.

175 2791 232 2859 Vs.
253 2796 286 2858 3.
311 2787 407 2864 κοιλός
429 2790 541 2879 scripsi
564 2812 624 2879 pro
648 2787 776 2879 vulgato
809 2789 927 2864 νοῦλλος
953 2811 990 2856 ex
1013 2787 1166 2856 Meineltii
1195 2810 1273 2854 con-

177 2913 300 2979 iectum
327 2910 452 2978 Delect.
485 2932 519 2999 p.
544 2914 620 2978 147.
645 2932 727 2999 quoe
754 2911 815 3000 ipsi
848 2911 972 2977 auctori
996 2908 1175 3000 probabilis
1199 2911 1273 2999 qui-

176 3032 248 3100 dem
271 3033 358 3111 visa,
385 3032 437 3099 sed
465 3054 538 3097 vera
562 3031 647 3097 haud
672 3030 770 3097 dubie
791 3029 890 3097 altera
916 3028 1017 3099 hocca

265 3155 336 3219 οῦντὶ
356 3152 389 3221 δέ
408 3155 435 3219 οἱ
450 3152 663 3231 πλοκνμῑδος,
688 3149 867 3232 Ἑκηβόλε,
892 3149 1009 3224 κάλλος
1030 3152 1116 3227 ἐπείη

356 3275 557 3355 χοῦχνοονῦῦεν
579 3273 629 3339 sici
653 3273 756 3349 κισσὸς
780 3271 955 3353 οῦεξόμενος.

178 3395 300 3486 Optare
326 3395 413 3461 enim
446 3407 574 3483 poetam
597 3407 632 3459 nt
663 3419 722 3485 pro
755 3394 901 3484 deposito
936 3395 1126 3485 capillorum
1158 3394 1273 3461 decore

177 3530 325 3584 venustos
346 3536 449 3606 puero
471 3529 503 3582 et
526 3515 642 3582 hedera
672 3513 892 3595 lehunensi,
927 3519 949 3583 i.
972 3540 1002 3583 e.
1025 3516 1152 3606 poetica
1175 3519 1274 3581 virtus

178 3637 337 3727 obtingat.
384 3636 447 3703 Sed
467 3639 604 3726 speciem
626 3637 770 3726 pulcram
789 3635 864 3702 deos
887 3658 951 3701 non
974 3651 1086 3724 rogent
1107 3639 1140 3703 in
1161 3639 1273 3703 inscri-

176 3758 344 3851 ptionibus
369 3757 462 3824 huius
484 3761 663 3849 argumenti
690 3780 749 3824 nec
772 3770 845 3846 apte
866 3779 935 3821 eam
958 3757 1142 3847 Apollinem
1165 3778 1273 3844 rogas·

178 3894 225 3946 set
253 3901 345 3970 puer.
392 3880 560 3946 Praeterea
596 3878 711 3944 vellem
744 3877 922 3945 Meinekius
951 3880 1102 3969 exemplis
1140 3876 1272 3940 demon-

178 4014 305 4068 strasset
326 4002 446 4068 Graece
476 4000 598 4066 dictum
621 4022 708 4066 esse:
732 3996 849 4073 κάλλος
879 3996 1004 4066 ἔπεστιν
1026 3998 1120 4076 οούπῷ.
1169 3996 1273 4080 Quare

178 4121 275 4196 sunda
311 4122 462 4212 praetuli.
511 4120 609 4211 Optat
639 4119 738 4208 igitur
772 4142 851 4210 puer
887 4133 924 4186 ut
955 4141 1014 4207 pro
1048 4116 1111 4181 hoc
1142 4138 1274 4181 munere

181 4242 288 4311 oblato
314 4243 465 4311 uictoriae
497 4240 674 4333 praemium
701 4243 732 4307 in
760 4240 844 4309 ludis
875 4240 1005 4307 scenicis
1034 4237 1093 4303 sibi
1116 4235 1272 4324 obtingat.
