2932 5108
635 324 837 385 -160-

185 522 384 589 mortuum
403 523 434 577 et
472 510 691 609 dulcissimum
725 514 921 602 epigramma
956 512 1145 579 amatorium
1184 514 1223 581 A.
1248 515 1283 582 P.

186 632 273 713 xli,
301 635 378 701 134.

271 754 385 831 Ἕλκος
405 752 488 836 ἔχων
507 755 521 819 ὁ
545 753 641 831 ξεῖνος
665 752 852 820 ε’λάνόοονεν·
876 758 915 829 άς
938 757 1058 839 άνιηρόν

363 880 490 955 πνεῦμοο
510 875 563 941 διά
582 875 716 950 στηόέων
735 873 816 951 εἶδες
839 875 1045 956 ἀνηγάγετο,

155 978 165 999 ”
272 998 308 1062 τό
326 997 427 1080 τρίτον
446 995 525 1075 ἡνίκ’
543 994 651 1073 ἔτινε,
675 995 720 1063 τά
739 996 771 1063 δὲ
790 996 863 1080 ρ’όδοο
881 1000 1146 1082 Φυλλοβολεῦντοο

360 1117 486 1203 τάνδρὸς
509 1119 568 1185 άπ’
586 1118 767 1201 όοτλίγγων
789 1118 886 1186 πάντ’
909 1118 1048 1201 ἐγένοντο
1070 1120 1192 1202 χκμκί,

269 1239 411 1318 ὤπτητοοι
434 1241 524 1322 μὲγοι
546 1241 583 1318 δή
605 1262 656 1306 τι·
678 1240 729 1320 μά
751 1240 924 1321 δαίμονας,
948 1242 1004 1332 οὐκ
1025 1241 1089 1307 άπό
1108 1245 1224 1325 ρῖυσμοῦ

360 1359 496 1444 εἰκάζω,
519 1362 619 1447 φωρὸς
642 1362 670 1429 δ’
692 1360 782 1443 ἴχνιά
805 1363 874 1447 φὼρ
897 1360 1021 1442 ἔμοιόον.

179 1483 303 1573 Inque
333 1507 379 1553 ua.
403 1489 436 1552 4.
460 1485 570 1574 recepi
598 1483 818 1551 coniecturam
844 1482 973 1552 Ottoni'a
1006 1483 1198 1552 Schneideri
1221 1484 1281 1549 άπ’

177 1603 358 1685 όστλίγγων
378 1628 439 1695 pru
460 1629 525 1696 quo
547 1607 581 1672 in
607 1604 720 1673 cadiae
748 1605 867 1696 legitur
891 1606 956 1672 άπὸ
979 1603 1168 1687 στομάτων,
1193 1604 1281 1697 apud

82 1796 85 1801 .
179 1727 380 1796 Athenaeum
412 1728 477 1793 άπὸ
510 1725 686 1812 στεφάνων.
742 1728 835 1813 Quod
867 1729 937 1818 ipse
976 1728 1054 1795 oiim
1094 1729 1280 1796 restitutum

178 1847 291 1926 volui,
316 1846 402 1913 haud
427 1845 528 1912 dubie
558 1845 772 1913 reiieiendum
797 1859 867 1926 est,
892 1848 947 1914 sad
974 1850 1074 1915 miror
1100 1846 1282 1916 Schneide-

177 1991 248 2036 rum
277 1968 340 2037 hoe
371 1968 518 2034 acerbius
548 1980 661 2036 notare
692 1967 865 2048 maluisse,
894 1991 991 2059 quam
1025 1992 1107 2059 quae
1136 1969 1177 2036 de
1205 1992 1280 2037 uara

176 2092 317 2158 lectione
348 2088 543 2158 restituenda
584 2111 630 2158 vs.
655 2092 675 2155 2
703 2103 736 2157 et
766 2095 799 2157 3.
832 2111 1020 2157 monueram
1059 2113 1187 2156 assensu
1222 2112 1280 2157 sua

177 2212 387 2303 comprobare
408 2235 513 2302 neque
532 2223 697 2301 tamquam
718 2210 838 2278 indicta
854 2213 1125 2301 praetermittere.
1158 2213 1197 2280 In
1221 2235 1279 2279 auo

176 2358 291 2425 genere
320 2333 509 2401 admirabile
538 2345 586 2399 est
617 2331 705 2399 aliud
734 2333 931 2422 epigramma
968 2332 1159 2422 inscriptum
1194 2354 1279 2399 aon·

176 2459 255 2526 chae
284 2481 301 2522 a
330 2455 445 2525 Selene
478 2454 597 2521 Veneri
627 2454 780 2543 Equestri
804 2451 993 2533 dedicatae,
1029 2455 1062 2519 in
1088 2476 1155 2542 quo
1188 2453 1279 2520 laeua

175 2580 378 2646 suavissimus
400 2588 433 2643 et
457 2574 667 2641 nitidissimus
690 2575 730 2641 de
750 2575 896 2654 nautilo,
929 2576 986 2664 qui
1011 2576 1178 2665 cumipse
1205 2576 1278 2666 epi·
1357 2666 1360 2671 Ι

175 2709 352 2790 grammate
369 2696 422 2762 hic
442 2692 652 2785 apponendus
673 2706 721 2760 est
742 2707 774 2761 et
797 2693 1025 2784 corrigendus:

264 2797 393 2900 Ιίόγχος
416 2816 478 2895 ἐγὼ
502 2819 651 2900 Ζεφυρῖτι
673 2815 928 2899 ποιλοοίτερον·
953 2817 1044 2882 άλλά
1067 2818 1106 2884 σὺ
1130 2822 1182 2885 νῦν
1202 2843 1246 2899 με

354 2937 453 3020 Κύπρι
473 2936 648 3014 Σεληνοοίης
666 2934 789 3018 άνόεμοι
811 2944 951 3022 πρῶτον
974 2937 1060 3020 ἔχεις

263 3061 429 3129 νκυτίλον·
453 3057 485 3135 ὃς
502 3056 698 3140 πελάγεσσιν
718 3057 890 3134 ἕτέτλεον,
916 3059 942 3124 εί
964 3059 1022 3139 μὲν
1042 3061 1163 3137 άῆτοοι,

352 3182 457 3257 τείνοις
480 3178 595 3249 οἰκείων
613 3186 731 3266 λοιίφος
754 3180 818 3246 άπό
841 3178 1012 3262 προτόνων,

264 3308 289 3371 εί
313 3305 345 3371 δὲ
367 3302 527 3383 γοιληνοοίη
550 3304 667 3387 λιποορίη
684 3303 768 3378 dada,
794 3299 882 3377 οὖλος
907 3301 1034 3383 ἐρέσσων

354 3422 449 3489 ποσσί
467 3446 527 3497 νιν,
551 3419 638 3489 ὥστ’
662 3422 756 3506 ἔργῳ
779 3422 916 3504 τοῦνομά
938 3422 1153 3507 συμφέρεται·

262 3546 297 3612 ἐκ
316 3546 343 3611 δ’
362 3542 472 3611 ἔπεσον
495 3543 582 3626 ποορά
603 3545 686 3620 όῖνως
709 3545 881 3620 Ἰουλίδοος,
906 3543 987 3628 όφροι
1010 3544 1149 3627 γένωμοιι

352 3667 400 3732 σοί
421 3691 452 3732 τι
476 3665 681 3747 περίσκεπτον
704 3665 867 3743 ποοίγνιον,
890 3661 1051 3743 Ἀρσινόη,

260 3786 339 3867 μηδέ
360 3810 412 3866 μοι
433 3787 465 3856 ἔν
484 3784 662 3871 όοολάμησιν
681 3783 723 3850 ἔό’
741 3787 781 3859 ὥς
798 3780 913 3866 πάρος,
938 3784 1001 3863 είμί
1026 3786 1090 3870 γάρ
1109 3785 1224 3862 άπνους

350 3907 497 3984 τίκτητοιι
517 3915 666 3991 νοτερῆς
690 3905 759 3973 όίεον
779 3905 963 3982 οἳλκυόνης·.Δ

259 4029 398 4097 Κλεινίου
416 4026 507 4094 άλλά
526 4026 656 4110 όυγοιτρί
678 4027 757 4093 δίδου
776 4025 892 4110 χάριν·
915 4024 977 4094 οἶδε
997 4028 1060 4107 γάρ
1080 4027 1178 4091 ε’σόλά

350 4151 444 4236 ῥέζειν
463 4150 516 4217 κοιί
538 4150 681 4232 Σμύρνης
702 4150 785 4215 ἐστίν
808 4152 866 4216 εἰτ’
886 4148 1034 4221 Αίολιόος.

170 4272 270 4339 Versu
292 4275 396 4363 primo
427 4298 487 4365 pro
515 4271 704 4357 τολωίτερον
725 4271 940 4343 Schneiderus
971 4270 1129 4339 correxit:
1162 4269 1268 4339 πάλοιι
