2932 5108
631 350 833 415 -148—

185 537 224 602 ln
248 538 339 602 euius
370 534 500 602 distichi
529 557 620 602 versu
650 538 774 603 minore
805 535 1035 605 scribendum:
1062 536 1200 602 ἔοτοιοοιν
1220 543 1286 609 τοῖς

184 656 279 739 χάριν
298 656 462 724 άννιδόδου.
510 655 575 724 Sed
594 654 802 745 Bnecbylidis
825 656 991 747 inscriptio
1012 657 1055 727 A.
1068 658 1106 728 Ρ.
1120 658 1184 738 vt,
1206 661 1286 726 313.

273 778 370 862 Κοάρν
389 777 577 852 Πάλλαντος
602 779 785 857 πολυώνυμε
806 774 919 843 πότνιαι
941 778 1023 853 Νόκν

362 898 504 984 πρόφρων
526 897 700 982 Κοιρόνιέων
723 896 887 981 ἱμερόεντιι
910 897 1001 983 χορόν

271 1021 337 1087 eila
359 1018 563 1096 ἐποποεάοις,
587 1019 704 1094 πολέως
728 1019 755 1085 δ’
780 1021 812 1085 ἕν
832 1018 989 1102 άόόρριοιοι
1009 1018 1157 1087 Μουσέων

361 1143 442 1225 Kaio
464 1141 629 1227 άμφιτόόει
655 1140 839 1224 Βάκχνλιδρ
862 1139 1060 1225 στεφάνους,

180 1260 319 1350 intelligi
340 1264 454 1351 nequit
474 1262 536 1327 nisi
556 1259 596 1327 de
615 1260 716 1327 choro
738 1261 925 1329 solemniter
948 1261 1029 1329 festo
1043 1259 1096 1327 die
1116 1260 1154 1325 ad
1178 1259 1289 1328 locum

180 1383 336 1471 religione
367 1382 504 1449 alieuius
533 1383 592 1450 Dei
621 1382 765 1449 nobilem
798 1384 886 1448 mitti
916 1383 1011 1448 solito
1041 1404 1116 1448 eum
1145 1384 1291 1449 carmine
1330 1468 1333 1473 Ι

180 1502 387 1592 Bacchylidis
407 1503 609 1595 prosodiaeo.
658 1506 701 1571 Et
722 1503 856 1571 fortasse
876 1505 909 1570 in
928 1505 1108 1571 certamine
1129 1503 1287 1581 Deliaco.

179 1648 247 1715 qno
268 1648 378 1692 omnes
407 1625 632 1692 commeabant
663 1626 779 1694 Graeci
812 1626 889 1692 aicit
918 1624 1132 1715 Bacchylides
1153 1638 1186 1692 et
1208 1625 1288 1692 Gar.-

182 1745 382 1813 thaeensiirm
406 1745 523 1811 chorus
539 1752 581 1829 ¹).
630 1747 691 1811 vix
715 1748 802 1812 enim
823 1745 937 1812 dubito
962 1749 1043 1836 quin
1073 1758 1160 1813 recte
1186 1746 1287 1836 Berg·
1359 1820 1362 1827 Δ

182 1868 254 1932 lius
277 1869 387 1956 Lyric.
415 1867 529 1936 Graec.
554 1891 589 1955 p.
611 1869 689 1935 832.
714 1866 934 1934 emendaverit
957 1866 1079 1933 codicis
1113 1868 1287 1935 lectionem

180 1987 323 2072 πρόφρων
339 1988 524 2071 Κροιννοιόων.
572 1986 664 2075 Quod
684 2010 784 2077 quum
804 1990 836 2054 in
859 1995 1005 2069 Κροινάῶν
1025 2001 1205 2069 mutarem,
1228 2010 1288 2079 pa·

181 2132 253 2175 rum
277 2111 423 2201 reputavi
453 2108 516 2175 hoc
539 2132 598 2196 pro
628 2106 825 2197 bacchylide
855 2123 888 2175 et
908 2132 969 2199 pro
996 2108 1139 2200 simplici
1170 2108 1287 2176 inscri-

181 2230 299 2320 ptionis
322 2228 574 2295 conscribendae
595 2229 721 2294 ratione
744 2229 839 2294 nimis
860 2230 989 2296 erudite
1011 2229 1051 2296 de
1080 2228 1287 2298 Atheniensi·
1314 2276 1323 2293 .

179 2351 241 2419 bns
270 2353 393 2419 dictum
421 2373 500 2417 esse.
549 2348 613 2418 Sed
639 2350 760 2439 scripto
788 2350 961 2432 Κοιρόοιιέων
984 2351 1142 2419 dialectos
1176 2352 1287 2419 lonico

180 2495 239 2564 per
262 2474 368 2545 omnia
386 2470 586 2538 restituendo
612 2487 693 2540 erat.
743 2472 835 2557 Quod
856 2471 918 2537 feci
947 2473 980 2539 in
1007 2472 1119 2555 κούρω,
1143 2472 1230 2539 Nisae
1253 2486 1287 2539 et

179 2598 322 2677 Maeonio.
378 2592 492 2682 Neque
520 2591 825 2682 praetermittendae
860 2590 921 2657 hoc
952 2592 1024 2660 loco
1055 2594 1282 2685 inscriptiones

64 2786 75 2805 ι
180 2713 353 2780 Simonidis
377 2716 418 2782 Δ.
436 2714 473 2780 Ρ.
495 2714 565 2791 VI,
591 2716 671 2781 213.

266 2832 329 2912 ’Ἐξ
348 2834 400 2900 εἰνὶ
424 2834 637 2910 πεντήκοντά,
663 2831 839 2913 Σιμωνίδη,
864 2834 938 2915 ἤροιο
960 2831 1090 2916 τοιόρους

360 2955 414 3022 xxi
437 2953 607 3037 τρίποδάς,
632 2954 702 3037 πρὶν
723 2952 805 3020 τόνδ’
830 2953 995 3034 ἀνθέμενοι
1019 2957 1164 3024 alaeue·

174 3145 424 3159 ...αισα-ι*

214 3258 237 3328 ¹)
255 3257 294 3310 De
311 3250 471 3312 carminibus
490 3275 505 3311 a
523 3252 658 3310 Simonide
670 3254 773 3331 seriptis
792 3264 825 3312 nt
844 3255 871 3310 in
891 3254 1015 3331 panegyr-i
1036 3250 1140 3308 Deliaea
1158 3269 1283 3310 caneren-

177 3366 225 3414 tm·
243 3379 258 3413 a
276 3358 360 3413 choris
379 3359 485 3434 publice
503 3359 610 3414 erariis
630 3361 751 3419 Graeciae
769 3360 921 3418 civitatibus
940 3360 1035 3416 Delum
1054 3356 1138 3412 missis
1155 3358 1284 3433 interpre-

176 3462 258 3518 tanda
277 3460 405 3536 putabam
420 3459 554 3516 Strabonis
574 3462 652 3519 verba
668 3468 733 3533 XV,
754 3469 808 3520 728
827 3471 854 3523 B.
876 3469 1003 3539 ταφῆναι
1024 3463 1139 3542 λέγεται
1157 3461 1284 3538 Μέμνων

176 3570 243 3645 περὶ
260 3569 379 3625 Πάλιον
407 3570 519 3642 Συρίοις
541 3568 618 3642 παρά
643 3569 775 3625 Βάλανον
802 3569 854 3640 (ita
878 3570 1092 3625 Schneidewinos
1120 3569 1283 3643 emendavit)

176 3676 326 3748 ποταμόν,
348 3674 387 3741 ὡς
405 3676 504 3751 εἴρηκε
525 3674 696 3749 Σιμωνίδης
714 3674 746 3730 ἐν
763 3673 917 3748 Μέμνονι,
948 3675 1126 3756 διθυράμβῳ
1145 3678 1203 3736 τῶν
1220 3681 1284 3749 Δη-

177 3784 300 3840 λιαιιῶν.
337 3787 391 3837 lloc
409 3781 493 3857 igitur
510 3799 616 3836 carmen
642 3779 671 3834 in
689 3777 783 3835 Bacchi
801 3778 924 3834 honorem
949 3779 1084 3838 ininsula
1103 3783 1165 3837 Delo
1192 3791 1282 3840 canta·

176 3898 238 3943 tum
266 3885 422 3951 videbatur,
451 3893 553 3939 caetera
576 3882 684 3940 fortasse
702 3883 816 3961 quaein
837 3883 885 3941 boc
911 3905 996 3941 unum
1019 3896 1100 3962 caput
1123 3884 1282 3959 collegerant

177 3986 362 4067 grammatici,
387 4007 495 4064 paeones
518 3998 601 4044 erant.
638 3990 687 4044 Sed
713 3990 740 4044 in
763 3999 879 4065 tempore
904 3990 977 4048 video
1002 3988 1231 4045 Sclrneidewinum
1251 3991 1280 4046 in

176 4097 394 4153 commentatione
418 4094 451 4149 de
474 4093 620 4161 Aristotelis
641 4094 717 4170 Peplo
744 4116 769 4171 p.
786 4100 831 4151 40.
859 4096 946 4151 doctam
974 4091 1107 4147 Strabonis
1126 4093 1165 4146 ita
1184 4093 1280 4145 consti·

177 4202 275 4257 tuisse:
296 4200 334 4266 ὡς
352 4202 450 4276 εἴρηκε
473 4198 645 4274 Σιμωνίδης
664 4199 695 4255 ἐν
715 4201 847 4277 Μέμνονι
868 4196 1040 4273 διθυράμβῳ
1061 4200 1110 4254 καὶ
1134 4198 1235 4269 Σῆμος
1263 4197 1279 4251 ὁ

176 4306 288 4379 Δήλιος
305 4306 336 4365 ἐν
347 4347 357 4366 .
368 4347 377 4366 .
390 4345 418 4368 ..
438 4307 496 4363 τῶν
514 4307 683 4381 Δηλιακῶν.
