2932 5108
625 325 828 388 -153-

185 522 217 576 et
237 514 292 577 39.
336 510 537 589 Ἐμμενίδαις
558 511 675 592 Θήρωνί
691 515 721 575 π’
740 512 839 577 ἐλθεῖν
857 506 963 583 κῦδος,
987 508 1127 575 εὐίππων
1145 506 1286 575 διδόντων

186 630 393 713 Τυνδαριδᾶν,
420 631 611 723 intelligitur
636 632 807 697 rieturinru
831 630 988 697 Euneneti
1008 628 1104 696 fuisse
1124 630 1283 699 curulem.

185 751 277 820 idern
309 753 478 821 discretius
512 754 551 820 de
574 755 795 821 Parmenontis
831 752 969 819 victorie
991 762 1125 818 testetur
1152 755 1286 839 Anony-

185 892 257 938 mus
277 874 309 939 in
326 875 536 965 inscriptione
560 874 601 944 t.
623 874 660 941 P.
681 872 786 951 XIII,
815 875 867 939 18.

274 991 407 1061 Χάλκεα
429 992 509 1076 ἔργα
531 992 673 1071 λένοισθε
696 995 764 1069 θοῆς
788 992 924 1059 ἐπινίκια
946 993 1051 1059 ποίλου

363 1113 431 1193 {iuss
455 1121 643 1195 κενπρομανῆ
667 1112 817 1193 λαβοῦσιν
839 1112 966 1187 παῖδα,

364 1355 533 1437 Παρμένων
555 1355 690 1438 χρυσέης
714 1355 825 1439 κθρησε
850 1357 944 1433 νίκης.

275 1477 428 1557 Φοίκριπε,
452 1479 495 1559 σῷ
519 1477 546 1543 δ’
569 1474 632 1559 ἀρα
653 1476 742 1544 παιδί
768 1478 821 1543 καί
844 1478 992 1545 ’Τλαΐδαι
1010 1478 1166 1556 βασιλῆες

364 1596 512 1682 πατρῴων
531 1597 639 1666 έδοσαν
660 1606 778 1681 λαχεῖν
800 1597 930 1666 ἀέθλων.

185 1717 285 1784 Cuius
306 1722 454 1787 carminis
485 1743 594 1788 sensus
613 1722 743 1811 penitus
767 1721 954 1787 obscuratus
974 1733 1023 1789 est
1046 1743 1062 1787 n
1082 1720 1203 1787 criticis
1225 1718 1285 1809 qui

183 1859 311 1905 versum
330 1839 504 1909 seeundum
526 1842 617 1908 euius
635 1842 825 1909 sententiam
846 1864 911 1908 non
933 1849 1160 1932 perspexerunt
1179 1842 1213 1907 in
1233 1840 1283 1907 in-

182 1970 308 2049 tegrum
329 1961 390 2027 sibi
409 1962 587 2029 restituisse
606 1962 667 2027 risi
688 1972 764 2028 sunt
787 1972 926 2027 assumta
953 1959 1091 2027 Iacobsii
1112 1962 1283 2028 coniectu·

182 2102 243 2159 η,
275 2104 312 2148 ex
332 2082 424 2149 euius
452 2082 611 2149 sententie
640 2080 931 2170 hendeensyilnbnn
956 2082 1098 2171 primurn
1121 2081 1177 2147 hie
1204 2102 1284 2171 que·

182 2221 247 2290 que
274 2201 396 2269 editum
419 2201 520 2273 rides.
567 2200 630 2270 set
656 2200 780 2268 seder:
805 2199 872 2279 ἤνις
903 2206 1108 2284 κευπρορρανῆ
1133 2200 1283 2278 βαλοῦσα

178 2323 293 2389 παῖδα.
341 2325 384 2391 Et
403 2325 554 2401 βαλοῦσα
571 2322 674 2389 παῖδα
695 2323 896 2389 senissimum
911 2343 979 2388 esse
996 2320 1091 2387 ducet
1110 2322 1285 2389 Pausaniae

183 2442 273 2509 loeus
298 2443 364 2522 VI,
393 2448 445 2511 13.
473 2450 506 2511 5.
532 2443 602 2519 ἡδὲ
625 2440 718 2518 ίππος
739 2446 833 2521 ἢτοῦ
856 2442 1006 2525 Κορινθίου
1025 2442 1165 2508 Φειδώλα
1186 2443 1284 2523 ὄνομα

180 2565 262 2643 μὲν,
287 2565 326 2639 ὥς
350 2564 387 2657 οἱ.
399 2564 541 2647 Κορίνθιοι
562 2562 826 2644 μνημονεύουσιν,
851 2561 921 2644 ἔχει
944 2561 1055 2645 Αὔρα,
1078 2562 1132 2628 τὸν
1154 2561 1186 2627 δὲ
1205 2562 1283 2629 ἀνα-

179 2683 287 2765 βοίπηυ
305 2684 352 2752 έσι
376 2684 552 2768 ἀρχομένου
574 2692 630 2752 σοῖο
652 2683 763 2766 δρόμου
790 2682 957 2751 συνέπεσεν
977 2682 1160 2762 ἀποβαλεῖν
1184 2683 1283 2761 uiris

181 2805 233 2871 καί
251 2806 337 2872 οὐδέν
359 2833 390 2873 πι
413 2806 503 2884 ἧσσον
529 2804 639 2873 θέουσα
658 2808 689 2871 ἐν
713 2804 819 2887 κίσμιρ
841 2804 912 2887 περί
934 2829 970 2871 σε
993 2806 1050 2881 την
1073 2804 1189 2870 ννίσσαν
1212 2804 1282 2871 ἐπέ·

180 2933 298 3012 στρέφε
314 2927 366 2993 καί
388 2928 455 2994 ἐπεί
473 2936 530 3003 πῆς
547 2927 731 3007 σοίλπιννος
752 2929 897 3005 ἤκουσεν,
922 2923 1119 3008 ἐπεπάχυνεν
1137 2925 1169 3000 ἐς
1187 2924 1284 2994 πλέον

181 3053 235 3115 τοῦ
258 3048 368 3129 δρόμου
387 3051 453 3116 κτέ.
501 3048 566 3119 Ubi
590 3049 722 3117 mnlinr:
750 3049 964 3132 περιέσπρεφε.
991 3048 1033 3113 Et
1052 3068 1171 3136 pueros
1187 3047 1283 3137 equi·

181 3169 270 3235 tandi
306 3171 383 3236 nrtis
417 3172 538 3262 peritos
569 3194 664 3261 snepn
696 3171 793 3235 fuisse
823 3190 981 3258 equorum
1013 3182 1175 3248 rectores,
1201 3190 1283 3259 quos

182 3290 279 3359 hodie
299 3293 437 3382 Angiieo
456 3294 585 3359 nomine
606 3292 715 3358 dicere
735 3302 988 3368 consueverunt,
1012 3300 1102 3379 petet
1118 3312 1157 3357 ex
1177 3289 1283 3358 verbis

182 3410 340 3479 callixeni
356 3411 440 3503 npud
462 3410 583 3479 Athen.
598 3412 649 3494 V,
675 3416 730 3479 32.
753 3414 818 3478 200
842 3414 882 3480 Ε.
931 3412 1016 3479 Hine
1030 3413 1176 3502 sequitur
1197 3414 1282 3481 melu

181 3534 362 3601 lneubsium
386 3534 580 3600 adieetirum
597 3536 677 3616 ψιλή
699 3538 946 3624 interpretatum
962 3555 1030 3600 esse
1051 3533 1090 3599 de
1109 3557 1194 3625 equo
1213 3558 1282 3601 πονο

183 3660 360 3734 instrato,
386 3679 485 3748 quum
519 3656 747 3747 intelligendus
770 3658 811 3723 sit
834 3678 940 3746 equus
967 3663 1102 3721 uenture
1131 3655 1282 3722 destitu-

183 3786 253 3845 tus.
300 3775 413 3866 Neque
436 3792 522 3846 reete
546 3780 724 3847 Meinelrius
755 3777 879 3845 Deleet.
913 3801 946 3867 p.
971 3779 1049 3848 238.
1081 3801 1139 3867 pro
1167 3778 1281 3844 ἐκείνου

182 3910 344 3989 praestare
366 3898 493 3987 putarit
521 3899 659 3967 seribere
691 3900 820 3974 ἐκείνης.
869 3900 1048 3967 Pronomen
1079 3900 1164 3965 enim
1196 3896 1279 3965 rudit

181 4018 220 4085 nd
245 4019 424 4085 universnm
447 4020 636 4085 sententiam
660 4042 901 4110 praegressum,
928 4042 989 4109 qun
1020 4020 1101 4085 rniru
1125 4020 1202 4108 equi
1224 4042 1279 4089 ue·

182 4140 325 4207 isbrntur
358 4141 497 4233 peritia,
531 4144 665 4209 minime
695 4141 735 4207 nd
768 4166 867 4209 unurn
900 4140 1132 4207 substantivum
1162 4147 1276 4217 πῶλος.

183 4262 385 4333 Δίίοεῑίυυιυ
407 4271 610 4347 κευτρορρονῆ
627 4265 651 4330 si
670 4262 771 4329 nctire
790 4260 994 4349 interpretari
1012 4260 1125 4329 liceret
1143 4260 1182 4329 de
1200 4286 1280 4351 pue·
