2932 5108
642 375 823 435 ..55-

317 557 515 640 Πολιικράτης
539 558 572 623 δὲ
594 560 652 635 σὴν
674 561 767 636 γονὴν
791 561 949 635 Ἀθηναῖοι

318 681 419 760 λέγων
440 704 472 747 rs
495 678 696 761 σιιισιὶλημιι
717 680 771 746 sei
792 682 874 758 sessis
892 686 1026 759 γλῶσσαι

316 800 455 884 ἔγραψεν
476 795 515 867 oi'
534 799 673 883 ἔγραψ’·
696 802 759 880 ἐγὼ
778 801 843 884 γὰρ
862 804 917 868 οὐκ
935 796 1015 868 eide.

182 946 220 988 er
251 921 350 989 nitere
389 921 479 1011 cippi
513 920 614 987 lutere
645 920 804 1012 descripte
832 921 972 992 ridetur.
1028 921 1122 1009 Quod
1155 941 1281 991 suecos

104 1101 111 1110 ,
183 1056 233 1111 tos
266 1063 336 1109 sum
370 1041 555 1107 coniectura
597 1038 695 1106 docte
732 1063 771 1107 ex
809 1039 913 1131 glossa
951 1040 1121 1131 marginali
1158 1041 1191 1108 in
1224 1062 1281 1109 oo·

182 1162 253 1231 dice
294 1161 456 1251 adscripto
492 1159 532 1227 sd
568 1160 708 1228 sitorum
744 1162 941 1252 epigramma
984 1162 1017 1228 iu
1061 1158 1282 1231 Philseoidem

181 1284 355 1374 elegiecum
392 1281 589 1349 Dioscuridis
622 1283 662 1349 A.
690 1282 728 1353 P.
752 1281 840 1363 vil,
874 1286 952 1352 120.
987 1302 1023 1374 p.
1048 1284 1138 1351 256:
1169 1281 1282 1367 ισμὶζισ

179 1402 244 1485 des¹
263 1404 372 1480 δισσῶς
411 1409 514 1470 κεῖσαι
544 1402 581 1469 rb
605 1403 820 1487 ἰσίγρσιμμιι·
852 1406 935 1481 πλὴν
963 1403 997 1470 is
1025 1412 1066 1489 σῇ
1095 1401 1186 1483 refer
1208 1409 1282 1472 -σόσ

180 1521 432 1608 ἐπιγραμμάτων
462 1527 519 1591 σοῦ
548 1521 650 1605 κυρίου
683 1526 824 1607 Μιχαὴλ
851 1522 949 1600 οὕτως
983 1531 1086 1592 scires
1121 1522 1283 1608 rossensis·
1367 1560 1371 1565 ·

181 1668 230 1712 sos
246 1642 333 1725 μετὰ
355 1647 411 1709 roi
430 1642 602 1723 Ξιιμβικιῦ.
628 1643 652 1712 i.
673 1666 704 1714 e.
729 1665 803 1711 curn
825 1643 895 1737 ipso
920 1645 983 1713 hoc
1003 1646 1168 1724 csrmiue,
1193 1642 1281 1737 quod

181 1767 216 1833 in
234 1763 348 1833 codiee
375 1762 548 1831 dilexeras
566 1778 638 1844 est,
663 1764 705 1831 sb
725 1765 798 1848 siiis
826 1787 902 1833 vero
925 1766 1084 1836 Simonidi
1115 1766 1284 1835 tribuebu-

183 1899 256 1966 tur,
280 1885 485 1956 Aeschrionis
506 1909 572 1953 esee
596 1898 733 1954 testetur
751 1885 948 1957 Athenaeus.
974 1888 1136 1981 Equidem
1153 1901 1282 1957 utrum·

183 2031 246 2100 quc
266 2010 462 2101 epigramma
480 2008 513 2074 iu
536 2006 759 2077 Philaenidcm
779 2008 957 2076 Dioscoridi
977 2010 1140 2091 tribuum,
1165 2011 1283 2078 utrius·

182 2153 247 2221 que
267 2131 357 2223 cippi
370 2129 523 2197 isterihus
544 2128 595 2195 sel
613 2130 804 2219 inscriptum
818 2128 867 2197 vei
880 2130 1133 2200 inscribendum.
1161 2129 1282 2199 iiodom

183 2251 280 2319 snodo
309 2252 342 2320 iu
372 2252 542 2319 Weioheri
574 2249 705 2341 Sylloge
738 2251 1014 2342 lipigremmetum
1047 2275 1084 2319 er
1109 2274 1174 2320 uno
1197 2272 1284 2320 mer·

183 2396 273 2441 moro
296 2371 458 2462 descripte
488 2370 639 2459 leguntur
662 2368 728 2436 duo
751 2346 1007 2460 epigrammate,
1033 2392 1132 2439 uuum
1163 2372 1284 2464 elegis·

183 2514 280 2572 oum,
304 2492 441 2557 sitorum
464 2489 658 2556 iambicumz
684 2510 716 2557 o.
736 2493 780 2557 23
800 2501 833 2555 ct
850 2493 893 2556 24
916 2502 949 2556 ct
963 2494 1080 2558 iterum
1102 2494 1144 2558 53
1162 2506 1194 2560 ct
1214 2494 1259 2560 60
1271 2540 1282 2573 ,

183 2617 221 2681 61
248 2627 280 2680 et
301 2614 369 2690 62,
395 2612 435 2677 61
466 2624 499 2675 et
527 2612 585 2679 82.
632 2610 675 2679 Ut
708 2611 740 2674 in
774 2609 971 2676 Frontonem
1004 2610 1144 2679 Politice
1177 2611 1284 2683 filium

184 2738 227 2807 A.
247 2733 283 2803 Ρ.
306 2732 367 2800 vil
380 2778 391 2813 ‚
415 2735 482 2800 331
505 2745 538 2799 et
561 2735 640 2800 335.
688 2730 773 2798 iiiuc
795 2729 1021 2821 explicandum
1045 2734 1131 2822 qood
1164 2734 1285 2803 Leoni·

182 2856 242 2924 dee
272 2853 439 2923 Tarentini
468 2853 618 2943 leguntur
644 2849 710 2918 duo
742 2852 971 2943 epigrammate
1004 2854 1038 2920 in
1067 2876 1162 2923 onom
1197 2854 1284 2923 Ans·

184 2974 323 3042 creontis
342 2986 479 3040 statuum
501 2970 602 3043 Anth.
623 2971 714 3039 Pion.
738 2992 770 3044 c.
788 2974 854 3039 306
875 2987 908 3040 ct
926 2976 1007 3043 307.
1055 2976 1097 3043 iit
1119 2978 1282 3067 epigram-

185 3119 236 3163 ms
258 3094 430 3162 iambicum
463 3092 605 3161 eiusdem
629 3106 743 3183 poctse
765 3094 852 3183 App.
881 3094 943 3184 hp.
967 3098 1009 3161 48
1033 3119 1090 3185 per
1112 3120 1144 3164 sc
1167 3098 1283 3165 inscri-

184 3219 252 3308 ptio
278 3214 389 3282 hshcri
414 3215 550 3305 nequit,
574 3212 685 3279 cedem
710 3214 809 3303 igitur
832 3214 958 3280 rationo
977 3227 1199 3304 oompsrstum
1220 3230 1282 3290 est.

185 3338 304 3406 (ionice
335 3347 501 3427 praetereo
527 3331 689 3399 Leonidsc
715 3332 947 3423 epigrammste
982 3335 1023 3404 A.
1047 3334 1083 3403 Ρ.
1108 3335 1177 3415 Vi,
1202 3341 1281 3407 211.

186 3459 277 3529 Pion.
298 3461 374 3526 182.
406 3455 497 3541 Quod
519 3476 593 3520 vcro
614 3452 728 3520 Cicero
746 3455 869 3545 seripeit
889 3456 984 3525 Tunc.
1005 3457 1045 3543 Q.
1070 3458 1119 3536 V,
1141 3461 1203 3541 23,
1223 3463 1281 3528 61.

186 3582 218 3645 in
244 3574 447 3647 Archimedis
468 3573 616 3665 sepulcro
646 3576 818 3665 inscriptos
839 3576 934 3644 fuisse
964 3578 1119 3668 quosdam
1142 3582 1283 3648 renerio-

188 3702 235 3766 ios
254 3702 287 3765 in
307 3698 376 3765 bosi
398 3697 488 3786 cippi
510 3695 660 3776 adverso,
686 3696 718 3763 id
743 3719 853 3765 rerum
875 3698 942 3764 sine
955 3697 1077 3777 dubio,
1102 3699 1156 3766 sed
1172 3686 1214 3769 de
1233 3701 1281 3766 sl·

187 3822 284 3889 terius
305 3819 412 3886 luteris
431 3819 643 3907 inscriptione
670 3842 733 3908 qus
758 3818 903 3885 defuncti
925 3843 974 3886 res
994 3821 1281 3903 memorabuntur,

186 3945 359 4013 admouere
376 3940 516 4007 noluisse
539 3939 677 4007 ridetur.
727 3940 770 4008 Ut
791 3937 829 4006 ud
847 3940 1045 4009 Dioscoridis
1062 3940 1189 4009 redeam
1210 3945 1282 4035 epi·

185 4087 352 4154 grummo,
384 4063 418 4127 in
447 4061 516 4126 eius
548 4067 634 4127 vno
664 4060 759 4150 pinne
787 4083 851 4126 nou
885 4061 1032 4149 intelligo
1060 4060 1193 4150 quinem
1218 4064 1282 4133 sint

186 4188 211 4250 oi
235 4184 320 4250 noire
341 4188 457 4263 scirpos,
485 4201 543 4269 pro
564 4202 630 4267 quo
658 4180 862 4246 scribendum
890 4194 957 4245 cst:
984 4179 1051 4245 οὐδὲ
1078 4181 1149 4256 τοὺς
1173 4182 1280 4260 seire.

187 4307 305 4387 „popm
340 4305 395 4369 οὐκ
432 4298 466 4377 ἦν
497 4302 528 4374 ἐς
559 4298 671 4383 ἄνδρας
701 4303 767 4367 κσὲ.
801 4300 921 4366 colluto
952 4297 1056 4390 Soph.
1098 4301 1174 4375 sno.
1201 4309 1280 4374 542.

1034 4420 1056 4481 ὅ
