2932 5108
636 352 816 415 ..22-

179 538 326 606 convivio
357 558 393 603 or
427 550 570 627 tempore
594 536 727 616 iecisse,
759 551 795 604 ut
824 537 999 605 Dictinrum
1031 539 1166 607 obscuro
1196 540 1268 606 loco

178 659 328 726 intentent
347 659 508 749 Antigono
528 660 596 747 regi
617 659 867 728 commendaret.
916 658 1029 747 Neque
1050 680 1099 725 res
1123 674 1209 726 certa
1227 660 1267 728 de

55 756 59 765 Ι
178 778 318 847 disticho
346 777 432 869 apud
464 776 653 859 Athenix,
680 779 810 848 4421).
855 778 1004 858 Πολέμων
1026 777 1058 845 δὲ
1082 781 1113 845 ἐν
1135 783 1179 862 τῷ
1201 779 1269 862 περὶ

177 903 237 967 τῶν
260 899 350 966 νοιτά.
368 898 474 974 πόλεις
494 898 746 982 ἐπιγραμμάτων
769 898 837 982 περὶ
861 902 989 969 Ἠλείων
1012 899 1114 981 λέγων
1136 901 1269 984 πάραντά·

178 1022 264 1088 ύετσοι
282 1018 350 1086 τάδε
373 1019 409 1084 τὸ
432 1020 646 1113 satyram

249 1138 359 1221 Ι’Ἦλις
383 1140 436 1207 κού
459 1142 565 1220 μεύύει
586 1141 638 1208 καὶ
658 1140 826 1222 ψεύδεται·
851 1134 908 1213 οἶος
928 1136 1062 1207 ἑκάστου

358 1257 459 1337 οἶνος,
484 1262 550 1335 τούν
572 1260 608 1336 δύ
631 1260 684 1327 κού
707 1258 877 1336 ξννάποισοι
896 1258 999 1333 πύλις.

179 1379 273 1467 Quod
293 1401 479 1471 comparare
500 1381 600 1470 possis
622 1401 696 1447 curn
720 1381 781 1470 Ep.
807 1381 848 1451 Δ.
866 1380 902 1450 Ρ.
924 1378 993 1458 xl,
1020 1383 1108 1460 235,
1134 1381 1212 1449 236.
1239 1392 1270 1445 et

170 1478 263 1592 =App.
289 1501 351 1590 Ep.
376 1504 453 1570 132.

269 1620 425 1697 Ἁπάσῃ
448 1626 580 1706 Φρῦνιν,
604 1619 676 1704 ὅφιν
693 1621 746 1687 sot
765 1620 923 1696 Λοιδικὲοις
941 1623 1134 1707 περίφεννε,

361 1741 413 1807 soi
437 1741 516 1807 κύνοο
536 1745 695 1819 terrario
717 1742 769 1809 κού
793 1741 874 1825 πάλι
897 1741 1066 1817 Λοιδικὲοις.

178 1861 243 1929 Sed
260 1883 324 1927 non
345 1882 538 1950 magnopere
557 1863 685 1929 obnitar
703 1863 729 1926 si
754 1862 827 1952 quis
849 1863 928 1937 haec
946 1872 1079 1953 propter
1098 1883 1270 1951 argumen-

176 1996 247 2049 tum
269 1981 424 2048 librorum
450 1981 630 2049 Polemonis
655 2004 692 2050 er
716 1982 834 2072 quibus
853 1981 951 2050 ducta
978 1995 1074 2060 sunt,
1098 2005 1136 2051 er
1165 1981 1271 2073 lapide

176 2102 337 2193 descripta
367 2099 487 2170 habere
516 2101 632 2182 malit,
656 2117 692 2169 nt
723 2126 759 2171 ea
782 2116 907 2171 tantum
937 2103 1155 2193 inscriptionis
1180 2117 1272 2194 parte

177 2226 242 2292 siae
263 2223 422 2313 particula
441 2243 515 2288 usus
533 2222 575 2288 sit
596 2220 800 2303 Athenaeus,
825 2244 888 2312 qna
905 2223 1061 2309 Eleorum
1084 2245 1188 2311 mores
1211 2247 1269 2289 no·

177 2341 357 2424 rebantur:
383 2341 506 2432 reliqua
527 2342 684 2411 omiserit.
731 2344 782 2419 nt,
799 2343 907 2434 potnit
934 2345 972 2412 iis
1001 2345 1035 2411 in
1064 2343 1271 2434 inscriptione

176 2490 241 2535 non
268 2466 373 2533 minus
401 2474 495 2554 aptus
515 2485 581 2543 esse
611 2461 701 2529 locus
722 2484 818 2552 quam
841 2462 891 2529 his
919 2463 1082 2541 Leonidae
1107 2463 1269 2547 versibus,

177 2589 218 2656 t.
245 2584 494 2660 P.v11,oor.

270 2699 337 2769 Αἶά
361 2698 490 2777 λνῖστοιὶ
514 2700 567 2767 sori
588 2699 746 2783 άλιφύύροι
770 2699 835 2765 otta
852 2698 963 2766 δίκαιον

222 2819 224 2823 ’
359 2828 475 2901 Κρῆτες
484 2841 495 2901 5
519 2820 567 2893 τίς
590 2824 713 2900 Κρητῶν
734 2813 797 2885 οἶδε
819 2818 1032 2896 δικάσοσύνννς

72 3022 76 3029 ,
180 2944 226 3014 ol.
249 2940 297 3012 ib.
318 2943 397 3007 275.
424 2946 458 3011 5.
504 2940 554 3007 lta
585 2960 683 3006 unum
715 2938 875 3007 distichon
905 2941 1142 3030 epigrammatis
1171 2967 1271 3035 appo-

179 3066 244 3129 snit
269 3060 452 3131 Athenaeus
485 3061 601 3126 iterum
621 3058 684 3127 ΧΠ
699 3109 709 3140 ,
735 3064 799 3127 544
824 3062 863 3129 Α.
909 3058 1080 3141 Παρράσιος
1109 3064 1272 3148 ἐπέγραψε

177 3187 221 3268 τῷ
243 3184 369 3252 πίνακι·

270 3300 328 3378 οἷος
351 3303 377 3368 δ’
398 3301 534 3382 ἐννύχιος
553 3297 735 3383 φοοντάζετο
752 3300 890 3378 πολλάκι
909 3307 1024 3384 φοιτῶν

359 3421 520 3504 Πνρροιτίῳ
543 3419 581 3488 δι’
604 3417 720 3496 ύπνον,
744 3430 823 3497 τοῖος
842 3419 886 3491 δ’δ’
909 3423 994 3490 ἐστὶν
1013 3424 1106 3505 ὁράν,

182 3556 217 3610 ut
246 3543 402 3633 particula
431 3544 463 3608 in
494 3540 588 3608 initio
610 3538 764 3620 collocata
785 3543 894 3614 docet.
942 3545 986 3611 tta
1015 3567 1115 3613 unnnr
1148 3558 1272 3621 tantum

179 3678 289 3758 putem
315 3685 381 3729 osse
416 3684 540 3731 aersnrn
571 3662 721 3733 carminis
744 3662 890 3754 Pompeii
924 3664 1071 3753 sepulcro
1099 3668 1270 3761 inscripti,

180 3783 267 3876 quod
301 3783 492 3865 ἐπίγραμμά
516 3781 594 3847 dicit
625 3781 790 3870 Appianas
818 3783 858 3849 de
884 3781 1063 3866 B.c.11,
1089 3791 1144 3858 86.
1179 3802 1201 3857 t.
1222 3788 1270 3857 ll.

180 3931 214 3997 p.
235 3907 313 3972 293.
339 3902 374 3968 τὸ
394 3902 425 3968 δὲ
444 3903 550 3967 λοιπὸν
569 3900 662 3982 σῶμά
681 3927 729 3979 τις
750 3901 864 3984 ἔύοιψεν
884 3902 936 3969 ἐπὶ
955 3915 1010 3982 τῆς
1028 3906 1120 3982 ύϊύνσς
1140 3906 1191 3973 κού
1211 3906 1269 3973 τά·

178 4030 238 4108 Φον
259 4027 377 4107 ἤγειρεν
400 4023 533 4098 εύτελῆ·
557 4020 610 4088 sori
635 4023 827 4105 ε’πίνσοιμμσι
845 4022 942 4101 άλλος
963 4028 1143 4107 ἐπέγροοψε·

272 4149 314 4226 τῷ
338 4153 419 4221 νοιοῖς
438 4143 570 4226 βρίύοντι
594 4143 674 4219 πύον
698 4143 810 4219 σπάνις
832 4144 944 4236 ἔπλετο
964 4147 1109 4226 τύμβον,
1256 4223 1260 4232 ,

184 4265 268 4357 apud
293 4263 466 4356 cephalam
498 4267 580 4336 intoa
608 4265 841 4343 Ἐπιδεικτικά,
869 4269 909 4339 Α.
932 4269 968 4337 Ρ.
990 4268 1056 4348 ΙΧ,
1085 4272 1187 4349 402.,
1212 4292 1271 4338 nec
