2932 5108
640 366 818 427 ...g-

184 550 226 634 τῷ
254 550 393 632 μεοορίῳ.
444 548 530 617 Talia
557 551 786 641 epigrammata
818 550 960 616 breuiora
992 550 1025 614 in
1057 552 1199 617 terminis
1229 551 1279 616 in·

183 671 302 760 scripta
321 682 477 736 memorat
494 670 578 744 Plat.
603 670 780 762 Hipparch.
801 673 867 737 228
891 670 930 738 ll.
955 668 1080 759 longius
1100 692 1175 737 sero
1198 672 1281 739 Lec-

183 791 279 858 nidac
300 792 465 859 Tarentini
485 813 613 859 carmen
646 793 763 884 legitur
786 795 818 859 in
845 794 884 861 h.
911 792 946 860 Ρ.
971 791 1043 870 ΙΧ,
1068 795 1145 859 316.
1194 791 1280 859 Gon·

183 910 268 978 ieras
294 912 336 980 h.
360 912 398 981 Ρ.
420 912 492 991 IX,
519 915 597 980 665.
623 917 656 981 6.
689 914 743 979 καί
773 936 817 992 με
846 915 920 993 παρ’
947 885 1134 994 οίαξδοοίροις
1165 901 1280 992 μέσσον

183 1029 286 1107 llum
316 1029 390 1116 ὅρον.
427 1035 505 1100 786.
541 1032 736 1116 περικαλλέα
766 1034 873 1114 βωμὸν
904 1040 1026 1109 Λευκῆς
1059 1032 1111 1099 καὶ
1142 1032 1281 1100 Πτελέον

180 1152 294 1233 μέσσον
325 1152 392 1237 ὅρον
424 1154 540 1234 θέμενοι
571 1153 712 1221 ἐνναέται
745 1155 847 1236 χώρης
875 1155 1015 1233 ονμήιόν.
1065 1154 1107 1219 m
1138 1176 1176 1220 cx
1207 1156 1283 1244 ipsis

182 1273 349 1342 Plutarchi
371 1272 475 1364 scrhis
497 1287 610 1365 patere
631 1273 760 1341 ridetur
793 1272 856 1340 hcc
889 1272 1041 1362 Aeschyli
1063 1274 1281 1343 testimoninm

183 1418 250 1463 non
278 1396 507 1487 depromptam
531 1417 597 1462 csso
629 1418 666 1461 er
697 1395 839 1462 carmine
869 1394 1021 1460 omnihus
1049 1394 1226 1485 aequaliter
1249 1410 1282 1464 ct

184 1518 218 1584 in
249 1515 363 1606 vulgus
398 1528 488 1582 noto.
543 1515 657 1605 Neque
688 1527 775 1582 recte
812 1514 968 1604 Berghius
1004 1514 1112 1594 Lyrio.
1153 1538 1187 1605 p.
1217 1516 1282 1583 4³4

185 1635 351 1728 Euripidis
363 1635 546 1725 epicedium
559 1635 735 1726 elegiacum
749 1637 871 1703 effinxit
891 1628 929 1704 cs
953 1635 1038 1705 Plut.
1058 1636 1171 1703 Niciae
1192 1658 1223 1704 c.
1241 1640 1279 1703 17

70 1829 76 1843 ,
181 1758 275 1838 huis
293 1756 358 1839 γὰρ
380 1756 546 1839 Εὐριπίδης
571 1757 659 1837 μετὰ
685 1759 741 1835 τήν
764 1756 862 1835 ήππαιι
882 1759 984 1824 αὐτῶν
1012 1756 1064 1823 καί
1089 1756 1141 1822 τὸν
1163 1754 1281 1840 ίλείρον

179 1876 315 1964 γριίφοιν
334 1876 503 1955 ἐπικήδειον
526 1877 668 1954 ἐποίησεν
690 1879 756 1944 xri.
791 1878 847 1943 uhi
880 1878 1074 1968 epigramma
1103 1877 1282 1967 scpulcra-lo

181 1998 429 2092 intelligendum
460 2020 528 2066 csse
559 2013 729 2066 monuerat
760 1999 822 2065 ism
850 1998 1064 2079 Welcherus,
1084 1993 1189 2089 -quod
1219 2001 1282 2066 lis·-

176 2116 281 2187 maho
298 2116 579 2187 altercPlu-tarchi
598 2116 671 2185 loco
691 2117 731 2185 do
754 2110 865 2187 haim.
886 2119 1048 2188 Procrcat.
1073 2121 1156 2187 Tim.
1181 2143 1210 2188 c.
1226 2126 1281 2190 33.

183 2238 248 2307 ίδὲ
266 2242 309 2324 ssi
327 2239 464 2324 Πινδάρῳ
486 2240 618 2317 ποιήσας
638 2238 674 2305 τὸ
698 2239 866 2316 ἐπικήδειον
881 2261 888 2276 ·

272 2359 402 2444 ἄρμενος
423 2360 457 2439 ήν
476 2360 615 2439 ξείνοισιν
633 2361 709 2443 οὶνήρ
728 2356 779 2426 ὁδε
802 2361 855 2426 καί
875 2361 971 2444 ’Φίλος
995 2362 1112 2435 dorcic.

186 2480 292 2547 Etiam
327 2479 543 2548 Callimachus
575 2481 608 2546 in
642 2478 842 2547 Heraclitum
875 2480 1014 2546 amicum
1056 2503 1120 2546 non
1154 2481 1283 2570 scripsit

186 2622 314 2668 cormcn
342 2600 540 2690 elegiacum,
565 2600 693 2667 sudsex
718 2623 824 2667 sersus
846 2600 888 2667 ad·
908 2603 1147 2692 epigrammatis
1175 2602 1284 2694 scpul-

187 2721 282 2790 cralis
305 2744 450 2789 normam
475 2721 634 2812 scriptos,
660 2724 701 2791 Α.
724 2725 760 2791 Ρ.
784 2724 867 2801 vlt,
893 2725 948 2794 80.

230 2842 417 2931 Elegiscum
446 2862 521 2906 sero
545 2863 673 2907 carmen
705 2864 799 2911 nemo
822 2843 909 2911 dicut
935 2844 1068 2912 llcsiodi
1092 2843 1291 2922 Ἐπικήδειον,

183 2964 227 3038 εἷς
247 2960 413 3045 Βιίπραχίν
436 2985 508 3029 πινα
530 2963 679 3046 ε’ρῶροενον
695 2967 815 3041 αὐτοῦ,
841 2965 965 3055 dequo
994 2962 1157 3035 Suidas'v.
1181 2967 1281 3033 Ἡσίο-

184 3084 251 3160 δος,
278 3085 336 3176 qui
364 3083 405 3152 do
429 3082 622 3155 Theocrito:
649 3087 728 3160 τινὲς
757 3087 785 3152 δ’
808 3087 1012 3171 οίναφέρονοιν
1036 3090 1079 3161 εἷς
1103 3087 1197 3153 αὐτὸν
1229 3087 1280 3152 καί

183 3210 308 3282 ταῦτα,
333 3205 514 3288 Προιτίδας,
541 3207 715 3281 Ἐλπίδος,
738 3208 890 3287 Ὕμνοος,
905 3206 1064 3284 ἐπικήδειον
1075 3206 1176 3285 μέλη,
1192 3207 1282 3273 Ἐλε-

183 3327 294 3405 γείοις,
320 3325 494 3407 Ἰιίριβονς,
521 3325 800 3407 Ἐπινροίριριατα,
827 3327 883 3392 ubi
911 3324 1157 3416 corrigendum:
1192 3328 1282 3395 Ἐπι-

184 3446 310 3523 κήδειοι,
342 3445 448 3520 Μίλν.
498 3446 564 3514 Ubi
596 3446 749 3536 Epiccdia
782 3446 823 3513 ab
851 3447 971 3536 Elegiis
1000 3449 1142 3515 seiuncta
1172 3448 1281 3528 rides,

185 3564 376 3633 hexametris
396 3581 431 3633 ut
453 3567 603 3647 ridetur,
628 3569 772 3658 scripta,
797 3579 832 3633 ut
853 3567 1069 3656 Euphorionis
1093 3568 1281 3658 Epicedium

184 3690 218 3754 in
240 3688 444 3776 Protagoram
461 3690 614 3781 scriptum
630 3689 881 3757 hexametricum
898 3691 995 3755 luisse
1011 3691 1112 3756 visum
1133 3705 1180 3758 cst
1200 3692 1281 3757 Mei·

183 3808 281 3876 netis
306 3806 400 3877 hnal.
422 3808 513 3880 Alex.
537 3835 571 3901 p.
587 3814 662 3880 101.
710 3811 778 3878 Nec
800 3834 863 3877 non
884 3811 974 3876 Arati
997 3810 1185 3900 Epiccdium
1207 3811 1279 3892 πρδς

184 3928 359 4012 Θείπροπον
383 3927 496 3998 Schol.
519 3932 616 4001 Hom.
642 3933 684 4000 Il.
710 3932 804 4000 xvfl
818 3980 827 4011 ,
854 3934 930 3999 486.
956 3943 989 3997 ct
1010 3929 1071 3996 alia
1095 3931 1124 3994 in
1151 3929 1279 3998 Cleom-

184 4052 314 4119 brotum
334 4064 365 4118 ct
383 4050 507 4120 llocrin
529 4051 659 4122 fratrom
683 4053 795 4123 eodem
817 4066 919 4120 metro
934 4054 1048 4142 scripta
1070 4050 1167 4117 fuisse
1185 4066 1278 4142 puto.

184 4172 269 4241 llinc
294 4172 434 4263 corrigas
464 4173 554 4240 Arati
583 4173 688 4241 Vitam
719 4176 750 4241 in
775 4172 1013 4242 Westcrmanni
1038 4171 1143 4262 lliogr.
1167 4198 1200 4274 p.
1222 4180 1276 4243 61.
