2932 5108
638 375 841 439 -112-—

196 578 409 657 interpretatus
443 578 533 631 erat:
570 585 686 653 »quae
711 564 793 628 viros
820 563 907 650 cogit
937 583 1049 627 aurum
1085 563 1146 650 ipsi
1178 558 1284 629 effun-

182 687 279 767 dere,
312 688 395 751 riros
418 688 527 774 itaque
553 706 724 772 emungens
737 687 773 761 ,''
798 694 907 771 postea
936 682 969 747 in
1002 679 1087 750 tdd.
1113 682 1151 746 ad
1178 682 1218 751 A.
1241 684 1281 754 P.

181 809 321 874 coniecit
343 804 578 888 οὶμεργομέυυυ,
604 802 717 870 eodem
739 804 805 869 fere
828 825 933 869 sensu.
959 801 1078 869 Contra
1099 803 1281 871 Meinekius

182 929 221 994 ad
245 926 317 994 Del.
340 927 452 1017 Epigr.
475 950 511 1016 p.
536 926 597 989 187
623 945 748 990 versum
773 922 891 988 iniuria
916 924 948 988 in
971 924 1041 989 ritii
1067 925 1280 1012 suspicionem

181 1048 355 1115 adductum
380 1070 446 1114 esse
462 1046 594 1114 statuit:
617 1042 858 1112 Sthenelaidem
879 1046 965 1110 enim
983 1043 1023 1110 iis
1040 1046 1096 1136 qui
1112 1045 1179 1110 eius
1203 1067 1282 1112 cors·

181 1169 383 1239 suetudinem
415 1179 622 1257 appeterent,
655 1165 783 1231 diritius
813 1186 883 1229 suas
909 1187 946 1231 ex
972 1165 1114 1256 corporis
1147 1180 1281 1254 quaestu

180 1291 332 1357 collectas
351 1288 492 1365 iactare,
518 1308 582 1383 quo
609 1285 711 1350 maius
731 1285 928 1351 amatoribus
949 1287 1088 1374 pretium
1109 1298 1282 1376 extorque·

180 1424 242 1479 ret.
291 1408 392 1478 Multa
414 1420 489 1474 sunt
515 1429 596 1498 quae
623 1405 700 1471 huic
723 1407 981 1496 interpretationi
1012 1408 1153 1477 obstant.
1200 1409 1281 1475 Ver·

179 1533 259 1599 bum
280 1532 364 1597 enim
381 1530 551 1611 βούλεσθαι
572 1530 603 1595 in
626 1551 660 1594 re
678 1528 821 1595 Venerea
842 1527 960 1594 dicitur
977 1527 1017 1595 de
1040 1552 1167 1596 assensu
1187 1530 1282 1620 puel·

181 1654 306 1732 lerum,
332 1666 470 1742 quarum
496 1649 706 1716 concubitum
736 1651 877 1740 expetis,
903 1673 966 1716 non
992 1649 1032 1716 de
1056 1650 1277 1729 amatoribus3

179 1794 210 1840 r.
237 1773 277 1839 Α.
297 1773 335 1840 Ρ.
355 1771 404 1848 V,
432 1773 487 1839 42.
512 1773 545 1839 2.
579 1768 663 1846 ΧΠ,
691 1772 746 1838 29.
774 1775 804 1840 l.
831 1772 909 1839 205.
935 1773 970 1838 2.
995 1769 1034 1836 ad
1055 1793 1151 1860 quem
1173 1771 1280 1839 locum

177 1893 341 1961 Iacobsius
365 1892 475 1959 dnim.
502 1902 526 1958 t.
550 1888 603 1970 X,
629 1914 662 1980 p.
676 1893 731 1958 92.
757 1889 927 1981 adscripsit
947 1892 1142 1964 Aristaenet.
1160 1893 1197 1972 Ι,
1226 1896 1280 1964 16.

177 2013 405 2098 προςεγέλοοσευ
438 2012 492 2090 ἡδὺ
528 2013 581 2078 sci
614 2010 648 2088 ἦν
679 2011 802 2096 οφόδροο
830 2012 1022 2093 βουλομένης
1052 2013 1087 2080 τὸ
1117 2012 1280 2097 βλέμμα.

179 2135 264 2203 unde
285 2139 320 2202 in
340 2135 451 2224 Epigr.
479 2133 520 2203 A.
541 2134 576 2199 P.
600 2133 649 2211 V,
674 2136 752 2202 286.
778 2139 810 2202 7.

269 2261 378 2337 μοῦνον
401 2255 463 2334 ἐγὼ
482 2254 641 2338 χορῖεοσοο
661 2254 730 2321 τεὸν
751 2254 850 2336 δέμοος
871 2257 980 2335 ἀγκὰς
1004 2257 1110 2335 ἑλίξοος

358 2376 527 2457 donysium
551 2376 602 2444 ἐπὶ
625 2383 689 2451 σοῖς
712 2374 811 2458 distem
834 2376 1067 2460 βουλόμενος

176 2511 293 2590 poetae
323 2496 449 2564 reddidi
485 2496 689 2579 βουλομένης.
748 2500 915 2566 Praeterea
950 2500 1066 2583 χρυσὸν
1100 2499 1279 2585 &prosector

180 2620 447 2685 translato-sensu
466 2617 591 2685 dictum
610 2619 729 2685 Graece
751 2642 815 2685 non
840 2622 1019 2709 siguificare
1043 2621 1169 2689 ridetur
1194 2648 1216 2688 »
1229 2623 1280 2690 di·

178 2740 270 2804 ritius
292 2738 446 2807 iactare'’
473 2736 525 2804 sed
558 2738 759 2828 »praedives
782 2743 888 2805 esse.'’
937 2738 1093 2830 Compara
1128 2741 1281 2809 Nicoma*

179 2857 278 2924 chum
303 2856 461 2925 Athenaei
480 2857 547 2937 XI,
571 2860 632 2923 rot
661 2858 699 2927 F.
724 2855 745 2924 ὦ
768 2864 862 2943 campe
881 2859 1106 2943 χρυσόκλυστα
1128 2861 1181 2929 xci
1201 2887 1280 2948 χρυ-

177 2979 360 3060 crustum,
386 2979 443 3045 ubi
464 2978 668 3048 scribendum
688 2978 832 3046 ridetur:
858 2979 1094 3064 χρυσόκλυστε,
1120 2998 1152 3051 et
1175 2986 1279 3075 ipsum

178 3099 381 3168 Athenaeum
400 3100 479 3178 XV,
504 3104 566 3168 601
595 3099 633 3169 G.
656 3097 819 3175 Εὔπολις·
845 3099 1004 3180 »adytus
1028 3103 1243 3184 ἐρυγγάνοντα
1256 3110 1279 3140 ”

176 3222 298 3301 λέγων,
323 3220 395 3304 ὅπερ
419 3222 433 3289 ὅ
458 3222 661 3307 Θυατειρηνὸς
680 3221 849 3306 Νίκανδρος
873 3221 924 3288 e’rri
955 3227 1009 3288 τοῦ
1032 3220 1120 3300 ἄγου
1147 3224 1281 3304 χλιδῶν-

178 3364 229 3416 υος
249 3343 383 3424 εἰρῆσθαι
403 3342 518 3409 ἀκούει.
569 3341 776 3410 secundem
806 3341 937 3409 modum
965 3342 1080 3425 χρυσὸν
1100 3342 1282 3426 ἐρυγγάνων
1319 3331 1324 3339 ’

180 3461 331 3529 translate
365 3459 489 3527 dictum
516 3474 562 3527 est
585 3459 672 3541 ἄγου
695 3470 847 3530 πλουτῶν.
896 3462 960 3531 Sed
991 3465 1123 3553 proprie
1157 3464 1280 3533 dictum

180 3582 340 3673 significat
375 3581 477 3647 »auri
501 3603 647 3670 magnam
667 3583 731 3649 rim
756 3582 842 3672 large
862 3606 958 3650 mauu
986 3583 1100 3651 dere.'’
1149 3586 1281 3654 Praedi-

180 3704 281 3770 ritum
307 3714 413 3768 autem
435 3714 613 3768 amatorum
638 3704 759 3768 mentio
782 3704 968 3792 aptissima,
994 3718 1030 3771 ut
1050 3704 1090 3773 de
1111 3709 1280 3776 meretrice

180 3824 265 3916 apud
290 3835 417 3913 poetam
440 3824 607 3889 incertum
623 3823 664 3892 d.
689 3825 726 3891 Ρ.
748 3823 811 3900 v1.
839 3826 917 3893 283.
945 3827 977 3894 le

272 3948 288 4022 ἡ
312 3943 348 4010 τὸ
367 3942 436 4025 πρὶν
456 3944 632 4024 comesus
652 3942 859 4027 πολυχρύσοιο
883 3944 933 4010 ἐπ’
952 3947 1118 4030 ἐρασταῖς,

182 4066 281 4132 altera
301 4067 378 4131 olim
402 4064 586 4130 coniectura
609 4088 625 4128 a
647 4088 698 4130 me
723 4068 870 4131 restituta
893 4081 962 4133 erut
983 4067 1064 4134 hac:

271 4186 326 4260 riso
349 4192 413 4259 τοῖς
432 4183 651 4265 βουλομένοις,
676 4186 791 4269 χρυσὸν
814 4187 1032 4269 ἕρευγομέοοος.

184 4304 275 4393 Quod
289 4329 374 4373 nunc
398 4307 479 4374 mihi
501 4308 611 4376 durius
626 4308 747 4378 dictum
764 4310 888 4378 ridetur
902 4324 933 4377 et
958 4321 1091 4399 propter
1103 4309 1278 4396 asyndeton
