2932 5108
653 319 700 333 —
722 304 765 349 uu
787 317 833 335 ··-
898 272 900 276 ¹

181 475 302 541 tionem
335 469 523 538 brevissima
552 466 739 556 complexus
766 476 839 536 su'm
862 475 1095 558 voce-,squam
1114 466 1199 538 idem
1222 470 1287 557 qui.

180 646 233 694 me
269 629 355 690 tenet
377 621 531 692 'affectus
551 627 664 709 poetae
694 618 781 687 haud
806 618 945 706 ¹ignobili
966 587 1287 707 ,dictavit-,aliusue

181 770 435 861 quamolyrnpo
464 769 854 843 domissamrmortalibus
868 770 1291 857 :gratificatae-sunctum

180 925 244 991 tiae
266 923 449 1010 Musaeque.
496 921 539 988 Et
562 918 664 987 fateor
688 921 721 987 in
745 918 858 988 multis
881 939 965 1009 quae
988 919 1069 988 mihi
1095 920 1128 987 in
1148 937 1291 1010 cenoman

181 1072 492 1140 Commentariorum
516 1071 609 1160 prius
629 1067 791 1174 editorum
810 1070 1016 1193 abblanditus
1041 1077 1090 1179 est
1115 1056 1285 1145 Schneide-

181 1222 307 1301 winus,
330 1220 391 1289 hoo
422 1224 525 1287 unum
553 1219 633 1287 mihi
658 1219 753 1307 longe
770 1221 999 1307 ‚gratissimum
1023 1220 1154 1309 scripsit
1177 1227 1211 1289 et
1230 1239 1286 1289 ac-

182 1371 426 1458 ceptissimum,
452 1371 486 1440 in
507 1369 559 1437 his
584 1371 686 1437 animi
715 1355 855 1439 calorem
882 1373 972 1438 cerni
999 1370 1208 1441 ‹ct-micantes
1231 1390 1287 1459 pe-

182 1520 281 1585 ctoris
311 1521 412 1606 ignes,
459 1520 568 1610 Neque
591 1538 668 1586 sano
698 1519 885 1587 etiamnunc
909 1519 1085 1606 quicquam
1104 1516 1185 1584 mihi
1217 1540 1287 1589 exo·

183 1668 306 1761 ptatius
333 1669 479 1738 accidere
502 1675 607 1759 potest
634 1688 732 1757 quam
763 1675 801 1736 ut
829 1667 880 1759 ex]
891 1669 961 1736 Tua
991 1666 1103 1736 videar
1132 1671 1289 1755 esoterica
1385 1696 1388 1704 ·

183 1817 355 1906 disciplina
385 1818 558 1911 profectus.
606 1819 686 1886 Nam
710 1839 750 1888 ex
774 1839 838 1908 quo
862 1819 1193 1903 commentationibus
1220 1821 1289 1887 Gal·

93 2007 96 2011 .
183 1965 351 2039 limacheis
378 1967 451 2035 Tibi
476 1966 721 2037 commendatus
745 1965 793 2035 fui
819 1974 853 2035 et
876 1967 1041 2041 interioris
1059 1968 1146 2058 apud
1170 1970 1216 2039 'l'e
1243 1969 1287 2038 ia-

185 2125 258 2185 ctus
279 2137 353 2189 sum
375 2117 602 2198 admissionis,
638 2137 803 2187 sermones
834 2119 956 2187 Tecum
979 2117 1020 2188 de
1040 2121 1160 2189 nostris
1185 2119 1290 2189 literis

184 2287 353 2338 conserere
372 2271 487 2338 solitus
509 2290 605 2350 sum,
628 2291 709 2360 quos
733 2271 832 2339 etiam
856 2268 972 2339 absens
994 2290 1053 2363 per
1071 2273 1222 2361 epistolas
1242 2275 1290 2340 in·

184 2419 329 2486 staurari
357 2427 390 2485 et
415 2419 531 2484 exinde
561 2438 672 2486 coram
702 2419 863 2487 renovavi.
912 2417 1034 2506 Operae
1061 2427 1171 2492 autem
1194 2443 1291 2508 quam

185 2564 347 2633 Historiae
362 2564 552 2635 ¹Literarum
572 2566 769 2651 Graecarum
792 2573 825 2634 et
845 2565 1035 2636 Latinarum
1057 2547 1200 2657 impendi
1220 2594 1289 2663 spe·

184 2714 290 2802 oimen
308 2712 475 2783 habendus
494 2723 544 2784 ast
563 2717 689 2807 primus
716 2715 834 2784 horum
856 2716 1168 2794 Commentariorum
1189 2721 1288 2804 liber,

186 2868 219 2936 in
239 2885 303 2953 quo
323 2863 447 2938 auitum
467 2865 508 2954 ad
527 2867 716 2935 universum
741 2865 993 2958 Inscriptionum
1010 2878 1043 2938 et
1064 2871 1290 2961 Epigramma·

186 3023 256 3083 tum
279 3016 475 3087 Graecorum
498 3038 615 3108 corpus
637 3017 817 3106 planiorem
840 3017 976 3088 reddere
1003 3020 1115 3092 studui
1136 3023 1233 3114 idque
1252 3046 1290 3093 oo

186 3185 341 3253 reponere
359 3167 429 3236 loco
453 3167 510 3260 qui
528 3168 558 3238 ei
577 3168 611 3235 in
634 3167 806 3242 literarum
824 3168 961 3238 historia
983 3169 1092 3240 deberi
1111 3172 1291 3244 videbatur.

189 3316 280 3399 Quod
308 3316 369 3386 feei
401 3318 582 3386 interiectis
612 3319 697 3386 notis
735 3319 881 3399 criticis,
920 3340 1001 3411 quas
1031 3321 1085 3390 hio
1117 3322 1183 3391 iilic
1215 3346 1293 3394 con·

189 3467 305 3554 scripsi
333 3467 495 3538 breviores
519 3488 578 3537 neo
605 3470 760 3538 intercuti
782 3469 914 3542 madore
943 3471 1135 3544 diffluentes.
1184 3477 1292 3546 Altero

190 3613 271 3680 libro
298 3616 483 3706 complexus
509 3639 582 3690 sum
606 3618 847 3689 emendationes
880 3621 916 3690 in
943 3622 1153 3715 anthologiae
1176 3627 1292 3695 Palati·

189 3784 250 3837 uae
280 3763 379 3833 libros
407 3770 540 3855 priores.
596 3771 705 3839 Tertio
742 3778 775 3839 et
801 3781 938 3859 quarto,
969 3796 1068 3863 quam
1101 3779 1294 3848 maturrime

192 3914 261 3986 fieri
282 3922 387 4003 potest
411 3916 567 3999 edendis,
593 3920 744 3990 volumen
767 3922 906 3993 alterum
928 3927 1159 3996 emendaturus
1175 3927 1292 3998 lustra·

190 4064 248 4144 ho,
271 4062 370 4133 libros
394 4083 567 4137 exorsurus
589 4068 922 4144 adHermesiauactea
942 4071 1054 4163 Elegia
1076 4096 1095 4144 a
1114 4077 1203 4147 vitiis
1218 4100 1293 4167 pur·

193 4213 315 4300 ganda,
339 4214 424 4285 unde
445 4219 477 4285 in
499 4217 697 4291 Athenaeum
718 4223 925 4314 digressurus
948 4229 988 4295 ab
1009 4228 1294 4320 inscriptionibus,
