2932 5108
643 340 821 405 ...24-

185 526 250 597 Uhl
267 549 326 618 pro
345 525 512 611 replesset
530 525 612 618 apud
640 526 842 595 lliodorlium
866 523 982 613 legitur
1003 527 1213 610 παρατιθέναι,

227 645 345 715 Omnia
365 651 458 715 unius
473 648 680 739 eiusdemque
700 648 824 739 generis
844 646 1071 736 epigrammata
1089 648 1273 716 adscriben-

183 766 223 832 da
244 769 378 857 putari,
404 783 440 835 ut
460 767 709 836 demonstrarem
733 770 921 859 paucissima
947 780 1070 835 tantum
1102 767 1198 834 huius
1220 790 1273 834 ar·

181 890 325 976 gumeuti
344 890 573 980 epigrammata
596 891 637 955 ab
654 890 891 980 antiquioribus
913 891 1032 979 scripta
1050 885 1143 954 nohis
1161 909 1274 979 super·

181 1030 269 1082 esse,
296 1007 381 1075 unde
403 1009 615 1099 probabiliter
635 1011 762 1078 efficere
783 1010 859 1078 licet
879 1009 941 1077 hoc
963 1031 1061 1100 genus
1082 1007 1186 1099 poesis
1203 1007 1274 1099 epi-

179 1130 406 1218 grammaticae
444 1130 647 1196 citerioribus
680 1129 809 1197 demum
847 1132 1048 1221 temporibus
1089 1128 1274 1199 invaluisse.

179 1248 264 1316 Sunt
281 1262 388 1314 autem
421 1252 527 1316 omnia
556 1250 785 1316 contumeliosa
808 1251 972 1340 magisque
995 1250 1133 1340 pugnaci
1164 1249 1275 1317 lambo

179 1369 286 1435 affinia
309 1390 405 1458 quam
429 1369 659 1459 epigrammata
691 1369 906 1436 recentiorum
930 1381 1118 1457 poetarum,
1144 1368 1177 1434 in
1201 1368 1274 1459 qui-

179 1489 239 1555 hus
260 1490 367 1556 nullus
393 1492 461 1557 lero
481 1490 568 1556 calor
592 1503 647 1557 aut
669 1491 716 1558 vis
744 1492 909 1573 cernitur,
934 1490 1033 1557 animi
1057 1488 1131 1556 odio
1153 1484 1204 1556 rel
1225 1489 1276 1554 in·

178 1609 364 1701 dignatione
388 1612 539 1679 concitati
564 1611 704 1694 indicia,
738 1613 861 1702 saepius
892 1635 968 1679 sero
987 1610 1163 1700 aucupium
1186 1607 1275 1676 dele·

178 1731 327 1798 stationis
342 1731 574 1824 deprehendas.
616 1734 659 1800 Hi
678 1756 752 1799 sane
770 1746 864 1800 acute
882 1732 977 1798 dictis
995 1730 1125 1799 student
1143 1743 1176 1798 et
1192 1729 1274 1796 alio·

179 1872 252 1919 rum
271 1853 481 1943 exagitatores
499 1854 729 1944 epigrammata
749 1851 812 1919 hoc
832 1851 966 1919 consilio
985 1850 1149 1941 scripsisse
1166 1848 1276 1917 ridea-

178 1985 290 2041 turut
312 1973 488 2042 lectoribus
518 1976 657 2041 frontem
679 1974 893 2054 extricarent,
918 1995 983 2041 non
1003 1986 1039 2040 ut
1062 1970 1199 2039 ridendo
1221 1993 1276 2038 re·

179 2116 252 2164 rum
274 2095 419 2175 dicerent
442 2109 497 2164 aut
519 2097 655 2188 insignia
680 2095 719 2162 ad
750 2095 949 2163 irridendum
972 2096 1048 2162 ritia
1080 2093 1276 2185 perstringe-

178 2230 273 2297 rent,
298 2218 384 2286 unde
416 2218 522 2286 omnia
550 2220 619 2286 fere
642 2219 675 2284 in
697 2219 799 2284 maius
822 2230 914 2284 aucta
937 2228 971 2285 et
994 2214 1275 2307 praetermodum

177 2351 376 2429 exaggerata.
424 2338 548 2425 Quibus
568 2337 642 2405 salis
663 2338 812 2405 acumina
832 2352 865 2404 et
883 2337 1093 2405 dieteriorom
1116 2335 1274 2426 elegantia

176 2461 316 2527 multum
348 2473 488 2551 praestat
515 2462 601 2528 inter
627 2460 790 2528 Romanos
818 2460 998 2539 Martialis,
1023 2460 1130 2528 sobrio
1149 2459 1182 2526 in
1206 2458 1275 2549 ple·

178 2581 287 2670 risque
315 2580 435 2647 iudicio
459 2604 546 2652 usus.
593 2580 658 2646 Sed
679 2581 729 2647 rel
761 2579 858 2645 huius
880 2583 1013 2669 paginas
1040 2579 1204 2646 hominem
1226 2604 1277 2646 sa·

176 2723 253 2792 pere
281 2702 342 2790 ipsi
366 2701 537 2766 affirmanti
559 2722 623 2765 non
648 2697 839 2765 crediderim
863 2719 969 2789 neque
987 2720 1062 2765 aero
1084 2721 1209 2766 omnem
1233 2701 1275 2766 li·

177 2820 249 2889 dem
272 2820 469 2910 denegarim.
516 2819 581 2889 Sed
605 2818 646 2885 ah
670 2819 905 2911 epigrammatis
939 2819 1095 2890 Martialis
1124 2843 1160 2888 ea
1192 2844 1275 2912 quae

177 2939 274 3008 modo
300 2940 563 3032 perlustravimus
587 2940 628 3005 ah
651 2939 889 3030 antiquioribus
917 2939 1046 3008 Graecis
1074 2944 1194 3034 scripta
1222 2943 1273 3010 di·

177 3076 261 3131 stant
294 3061 406 3130 eodem
438 3064 505 3129 lere
535 3060 635 3154 gradu
664 3083 729 3152 quo
762 3060 925 3128 comoedia
952 3073 1041 3141 retus
1067 3064 1273 3145 Atticorum,

178 3183 300 3253 Cratini
314 3233 323 3264 ,
357 3182 526 3274 Eupolidis
555 3195 588 3250 et
610 3181 835 3272 Aristophanis
856 3205 873 3248 a
896 3182 1061 3250 comoedia
1093 3206 1174 3250 nora
1203 3185 1273 3252 Me·

177 3304 292 3373 nandri
312 3316 344 3372 et
368 3301 575 3372 Philemonis.
623 3304 661 3371 In
686 3305 725 3377 iis
748 3326 853 3394 neque
874 3302 984 3370 decori
1013 3326 1119 3393 neque
1141 3304 1273 3385 festique

178 3425 370 3494 urbanitatis
392 3423 494 3491 ullum
517 3424 662 3491 cernitur
690 3425 831 3492 studium
860 3448 919 3493 uec
948 3425 1031 3491 salra
1063 3448 1272 3517 personarum

177 3547 355 3616 reverentia
389 3545 563 3613 involucris
595 3545 768 3616 maledicta
797 3544 967 3626 velarunt,
1003 3545 1058 3613 sed
1091 3547 1202 3629 nudo,
1237 3561 1282 3617 utv

177 3672 290 3748 aiunt,
316 3669 421 3759 capite
444 3669 614 3735 conviciati
645 3681 732 3737 sunt.
779 3669 829 3735 lta
851 3668 891 3735 de
914 3669 1144 3760 epigrammate
1165 3669 1272 3739 Theo-

178 3791 254 3859 criti
288 3788 362 3858 chii
396 3791 543 3880 superius
575 3791 723 3881 apposito
758 3788 924 3880 aliquanto
955 3791 1082 3880 aptiore
1115 3789 1274 3858 vocabulo

177 3935 250 3979 usus
280 3911 404 3980 ridetur
433 3910 624 3980 Plutarchus
654 3911 695 3978 de
718 3910 816 3982 Exsil.
851 3933 881 3980 c.
904 3913 957 3980 18.
1004 3913 1221 3997 Ἀριστοτέλην
1241 3911 1272 3980 δὲ

173 4032 368 4117 ,λελοιδόρηκε
380 4035 445 4100 uri.
472 4053 568 4122 quam
581 4032 741 4124 lliogeues
753 4030 899 4099 Laertius
912 4081 920 4111 ,
935 4033 992 4121 qui
1010 4029 1182 4113 ἁπέσκωψε
1195 4032 1274 4098 sori·

179 4156 243 4247 psit
265 4154 312 4234 V,
341 4159 393 4224 11.
439 4153 512 4224 Non
542 4155 625 4222 enirn
650 4151 881 4245 philosophum
914 4151 1149 4220 nobilissimum
1186 4151 1272 4218 deri·

177 4274 316 4343 dandum
336 4275 486 4365 praebuit
506 4275 696 4344 Theocritus
720 4274 774 4344 sed
804 4275 968 4344 inimicum
990 4270 1185 4338 conviciatus
1210 4281 1270 4338 est.
