2932 5108
659 355 815 413 ...9-

189 545 245 609 ati.
293 538 355 609 Sed
388 537 473 628 qnod
503 536 587 605 idem
613 535 748 621 δεννὸζνυ
780 541 1009 627 interpretetus
1040 552 1110 606 ests
1148 548 1284 611 stereus

188 663 338 737 olentia,
366 683 390 725 a
411 658 690 739 tercentenus,
718 657 751 726 id
777 671 846 725 tum
876 656 1006 724 demum
1029 659 1179 748 ouiquam
1204 680 1281 750 pro·

187 783 266 848 bari-
286 782 409 871 pouit,
445 800 548 871 quum
579 780 833 848 demonstratum
868 779 968 846 luerit
998 780 1138 848 Greeoos
1166 781 1281 847 dixisse

186 899 287 984 eloim
307 924 367 992 pro
388 899 515 982 εὔοδμον
540 912 574 967 et
594 900 718 976 εὐώδης.
767 899 883 989 Neque
911 897 972 966 boo
994 899 1166 988 probatum
1192 900 1280 967 ller-

186 1044 326 1102 manno,
351 1022 409 1113 qni
436 1020 589 1089 audacius
610 1022 721 1099 θύνοντ’
745 1019 909 1087 institueris
937 1018 1114 1086 oonieoisse
1135 1019 1279 1088 uidetur.

185 1142 256 1212 lloo
274 1141 492 1210 namnidon
514 1142 637 1208 nomini
660 1139 794 1226 mental
817 1138 1011 1208 adieetirnm
1029 1138 1213 1207 addendum
1231 1156 1283 1208 eat
1303 1211 1306 1217 ,

184 1285 217 1331 ae
230 1287 249 1345 3-
265 1262 346 1356 quid
368 1261 679 1353 sero-reponendum
699 1265 742 1328 ait
761 1260 963 1328 divinatione
984 1263 1108 1351 assequi
1129 1282 1194 1328 uon
1217 1280 1282 1351 po·

184 1385 246 1455 tui.
291 1385 352 1453 Per
375 1382 480 1451 lurum
499 1383 646 1449 eonieoi:
678 1384 751 1460 ltine
770 1379 989 1462 δνσνδμνννὶτν
1018 1380 1155 1465 Δωριέως
1178 1388 1280 1466 eroe-

183 1503 240 1573 λά.
289 1503 459 1574 caeterum
492 1527 558 1571 non
588 1503 804 1594 improbabile
831 1502 959 1570 videtur
989 1503 1165 1571 Leonidam
1201 1503 1282 1571 haee

183 1626 345 1717 seripriaee
364 1626 399 1693 iu
417 1626 573 1694 Doriaum
588 1638 740 1717 poetam,
760 1626 850 1692 onius
867 1625 1064 1714 epigramma
1077 1624 1205 1692 Milonis
1216 1638 1280 1692 ste·

171 1744 258 1814 ''tuae
280 1746 475 1837 inseriptum
494 1766 532 1814 ex
545 1743 720 1834 Pbylerebi
739 1745 831 1812 libris
847 1745 1017 1837 descripsit
1036 1744 1218 1821 Athenaeus
1230 1746 1279 1823 X,

183 1869 248 1934 413
279 1867 323 1937 t.
370 1866 426 1935 Va.
457 1867 472 1931 1
506 1865 629 1935 eoder:
665 1867 862 1952 φνλονχείλςν
889 1891 926 1934 ra
954 1870 1154 1952 Λνφννμῷ,
1193 1867 1282 1958 quod

182 1988 218 2055 in
239 1986 436 2071 Φνλννλείχῳ
460 1987 597 2054 mutarit
617 1987 813 2056 Brunebius.
836 1989 880 2055 At
897 1986 967 2087 ‘boe
980 1988 1178 2073 φνλενλνίχῳ
1200 1990 1283 2056 serl-

183 2106 324 2175 bendum
346 2108 446 2175 fuisse
466 2119 554 2176 reete
571 2109 699 2175 monuit
720 2109 901 2177 Loboobiue
918 2107 1042 2199 Pbryn.
1065 2133 1099 2200 p.
1113 2113 1192 2180 373.
1216 2107 1280 2178 Sed

182 2250 223 2296 ne
243 2228 438 2320 sicquidem
457 2228 644 2298 adverbium
668 2224 703 2298 ri
726 2251 801 2296 oum
820 2229 962 2312 λείχειν,
984 2231 1181 2320 ligurrire,
1198 2231 1281 2298 milri

182 2347 263 2417 bene
284 2350 371 2416 eolre
390 2347 530 2417 ridetur.
580 2349 649 2434 ραι
670 2349 711 2416 de
733 2371 829 2415 eausa
847 2352 961 2438 scripsi
984 2350 1183 2433 ottrentae.
1208 2351 1283 2419 Nisi

182 2468 273 2537 malie
290 2466 495 2551 φνλενχύμῳ.
528 2466 714 2555 Utrumque
735 2467 822 2532 enim
844 2467 1044 2556 aptissimum
1066 2488 1167 2558 quum
1187 2488 1284 2562 saepe

181 2585 250 2655 eibi
268 2585 444 2654 laudentur
463 2583 593 2667 εὔχυλον
617 2599 650 2653 et
668 2583 815 2668 εὔχνμον.
852 2587 909 2656 Vr.
928 2591 951 2654 3
973 2587 1279 2676 oudexwriuropus.

183 2705 275 2796 Quod
300 2706 341 2774 de
361 2707 479 2797 Toupii
502 2707 660 2774 sententia
682 2709 715 2775 iu
737 2705 973 2791 eserenon
996 2722 1169 2782 mutatum.
1213 2712 1280 2782 Sat

180 2829 310 2921 eripuis
331 2829 371 2895 iis
388 2848 472 2918 quae
500 2826 539 2894 rd
568 2828 685 2918 Toupii
705 2828 924 2896 oenieeturam
946 2829 1134 2898 firmandam
1159 2831 1201 2900 ad
1221 2856 1281 2901 no·

180 2965 285 3019 atrum
319 2950 427 3017 lenum
470 2949 579 3017 attulit
611 2949 775 3017 laoubsiua
810 2949 911 3018 luth.
950 2950 1018 3021 Pal.
1046 2972 1089 3044 p.
1110 2956 1176 3023 203
1207 2976 1279 3025 eam

180 3072 311 3164 probari
328 3095 393 3141 non
411 3092 504 3163 posse
530 3071 645 3162 liquet.
692 3071 775 3139 Nam
799 3094 898 3162 quum
920 3071 1012 3149 κύτος
1029 3075 1171 3158 γαστρός
1194 3101 1278 3144 uen-

183 3202 268 3260 trem
289 3215 409 3260 aevum
428 3191 574 3258 indicent
585 3238 595 3270 ,
619 3204 764 3281 apertum
787 3205 835 3259 est
856 3191 1025 3283 epitheton
1043 3195 1277 3281 κνννννὶστορνς

182 3315 243 3381 nisi
266 3315 360 3405 plene
384 3315 530 3404 ineptum
557 3324 646 3380 oerte
667 3312 760 3380 raldo
786 3314 923 3381 otiosum
946 3336 1032 3396 ease,
1056 3338 1279 3407 quemnemo

181 3437 305 3522 ignoret
334 3446 477 3502 rentrem
509 3433 603 3501 ebeni
630 3450 848 3503 oerum-esse.
895 3434 976 3503 ldeo
1000 3437 1120 3505 meluis
1153 3440 1277 3521 βουνοί·

180 3578 301 3637 στορνς.
351 3557 396 3625 Ut
425 3558 533 3644 Anyto
562 3556 642 3623 dixit
673 3558 713 3625 Δ.
736 3556 773 3625 Ρ.
802 3557 866 3635 vl,
895 3561 970 3626 tue.
998 3562 1029 3628 1.
1060 3560 1277 3644 βννχννδὴςὸ

180 3677 278 3757 λέβης
302 3690 335 3744 et
358 3677 573 3747 Callimeobna
597 3679 630 3744 in
653 3679 820 3770 broerptiu
843 3678 930 3770 apud
950 3679 1113 3752 Geisford.
1137 3682 1176 3750 ed
1199 3685 1276 3756 ult.

181 3821 215 3887 p.
242 3800 341 3867 1156.
366 3799 405 3867 B.

271 3916 400 3996 ἄξονται
423 3919 528 4003 δὀὐκ
550 3917 645 3989 ἵππον
664 3919 803 3995 ἀέθλιον,
828 3921 862 3987 οὐ
886 3921 944 3999 μὲν
966 3922 1070 4004 ἐχῖνον

360 4039 515 4121 βονδόκνν.

180 4161 242 4228 Sed
268 4162 400 4253 lortaase
434 4187 497 4230 noo
523 4163 658 4233 deerunt
690 4165 810 4255 quibus
834 4164 954 4231 aeolius
987 4161 1049 4228 hoo
1083 4165 1274 4234 vocabulum
1414 4201 1419 4209 ·

183 4284 335 4374 orpliorri
361 4285 504 4354 sidentur
530 4309 565 4355 er
583 4287 740 4357 similibus
763 4288 857 4363 aliis,
885 4297 920 4351 ut
949 4282 1084 4363 βούπαις
1107 4286 1274 4365 delatos,
