2932 5108
645 358 824 419 ..52ss

185 541 237 611 κκί
262 541 305 605 τοί
329 538 464 606 Ἡσιίδον
489 538 540 606 κοιί
562 539 776 622 Ἀρχιλόχου.
810 540 856 607 ἔτι
881 541 922 607 δὲ·
937 538 1120 622 Μιμνέρμου
1144 539 1196 605 trel
1219 547 1285 607 Φοι-

185 662 317 729 κνλίδοο.
351 661 487 751 Propter
502 660 589 728 hunc
606 662 807 751 potissimum
824 662 865 728 ab
884 661 1076 729 Mimnermo
1098 661 1283 729 institutum

184 805 305 849 morem
338 784 516 873 putaverim
549 781 686 849 alterum
720 805 820 873 genna
855 782 1071 873 elegiacorum
1104 782 1283 849 carminum
1376 774 1379 779 ’

183 902 364 991 neglectum
387 903 531 979 iacuisse.
580 902 665 969 Hinc
684 903 777 969 nobis
802 902 966 970 lustrando
986 915 1185 969 caeterorum
1205 925 1285 993 poe·

184 1038 288 1090 tarum
320 1040 403 1113 quae
433 1022 583 1114 equidem
615 1038 789 1091 memorata
819 1026 927 1092 inveni
959 1026 1100 1093 carmina
1132 1023 1284 1112 elegiaca.
1383 1044 1390 1057 ·

183 1145 225 1211 Et
247 1144 389 1232 primum
411 1143 541 1233 quidem
565 1142 652 1233 quod
683 1145 797 1234 scripsi
817 1147 850 1212 in
883 1146 1029 1234 Epistola
1060 1144 1182 1214 Critica
1203 1142 1283 1211 Phi·

180 1263 280 1352 leloy.
296 1268 390 1335 Ι1850
421 1288 456 1354 p.
478 1267 557 1335 473.
593 1264 791 1353 Theognidis
813 1266 956 1357 Elegienr
981 1268 1024 1341 είς
1045 1267 1117 1341 τοὺς
1138 1263 1284 1343 leontio-

181 1390 322 1475 receeio
345 1385 538 1467 Συρακοσίων
567 1386 598 1450 ἐν
618 1394 657 1467 τῇ
686 1386 847 1472 τολιορκίρι
880 1388 977 1454 faisse
1009 1410 1141 1461 carmen
1175 1385 1286 1454 flebile

183 1518 216 1572 et
238 1504 400 1595 lugubre,
437 1503 473 1583 id,
493 1504 575 1573 mihi
599 1528 686 1573 nunc
709 1530 744 1575 re
768 1506 956 1598 diligentius
990 1510 1148 1601 pensitato
1170 1528 1285 1599 parurn

179 1625 307 1705 aidethr
324 1625 505 1717 probabile.
529 1627 642 1693 Putem
656 1627 741 1694 enim
758 1640 887 1718 poetam
909 1627 1110 1696 devictorum
1129 1627 1282 1699 virtatem

138 1725 141 1731 ¹
180 1747 357 1815 celebrasse
381 1751 415 1815 in
435 1749 503 1838 ipsa
530 1747 621 1814 clade
642 1759 675 1813 et
697 1748 795 1815 caede
813 1751 1060 1839 conspicuam,
1086 1762 1122 1817 nt
1140 1747 1285 1817 Simoni·

180 1867 234 1934 des
258 1869 323 1944 τίρν-
338 1869 370 1933 ἐν
393 1874 556 1948 Σκλοιροίνι
578 1850 772 1948 νίοοριοιχίοιν
805 1870 923 1935 cecinit
954 1869 1095 1935 carmine
1126 1868 1281 1959 elegieco.

178 1988 362 2077 Utramque
385 2001 474 2055 certe
496 2009 624 2054 carmen
648 1987 688 2053 ad
716 1987 883 2079 publicem
915 2001 1038 2078 spectat
1068 1987 1283 2057 celemitntem

178 2121 234 2175 eut
265 2109 446 2177 victoriam.
495 2106 647 2197 Aeschyli
679 2107 890 2178 hauddubie
917 2123 965 2179 est
997 2111 1216 2201 epigramma,
1242 2108 1283 2177 de

178 2251 243 2320 quo
272 2227 426 2296 traditum
457 2241 556 2296 exstat
585 2230 618 2295 in
643 2230 718 2295 vira
750 2228 901 2320 Aeschyli
936 2228 1149 2320 p.x1v0d.
1181 2229 1282 2299 Dino.

177 2351 288 2441 Biogr.
314 2350 372 2431 Gr.
397 2373 433 2440 p.
457 2353 533 2421 119.
558 2353 613 2417 41.
646 2351 701 2415 ὑπ’
724 2350 893 2426 Ἀθηναίων
916 2348 1206 2426 κοιτοιοτονδοοοίείς
1229 2350 1283 2417 ael

178 2471 318 2549 ιίττνρίείς
338 2471 393 2555 νέῳ
411 2470 474 2539 ὄντι
497 2473 541 2554 τῷ
562 2476 739 2557 Σοφοκλεῖ,
765 2471 853 2539 κοντοὶ
872 2471 899 2539 δ’
918 2473 1013 2549 ε’νίονς
1033 2474 1064 2540 ἐν
1084 2475 1127 2557 τῷ
1146 2474 1190 2548 είς
1209 2473 1282 2548 τοὺς

178 2593 209 2657 ἓν
239 2594 404 2673 Μκροιίῶνι
427 2590 613 2666 τεθνηκότας
641 2592 771 2673 ἐλεγείῳ
794 2566 944 2667 νίιιοκίείςΙ
965 2592 1138 2678 Σιροοννιῒρ·
1161 2592 1198 2658 τὸ
1218 2593 1282 2673 γίιρ

178 2711 317 2790 ἐλεγεῖον
345 2710 426 2776 τολὺ
457 2719 514 2786 τῆς
545 2708 613 2791 περί
643 2709 679 2775 τὸ
710 2709 873 2788 nonnulle
902 2707 1096 2784 λεπτότητος
1129 2707 1281 2792 μετέχειν

178 2827 322 2925 θέλω-ὃ
345 2834 399 2897 τοῦ
421 2827 605 2912 Αἰσχύλον,
630 2831 670 2903 oia
690 2826 835 2913 ἓφοιροεν,
860 2828 945 2896 ἐστίν
961 2826 1136 2912 οίλλίτριον.
1186 2828 1280 2916 Quod

178 2951 396 3021 aWelckero
417 2950 483 3016 iam
514 2947 770 3016 animadversum
801 2971 915 3039 parum
949 2939 1088 3041 respexit
1122 2948 1279 3038 Beryhins

179 3075 235 3164 qul
268 3071 331 3139 hoc
349 3071 571 3139 testimonium
600 3070 640 3136 nd
666 3069 841 3139 Simonidis
871 3071 987 3162 elegiae
1018 3071 1135 3150 traxit,
1168 3071 1278 3159 Lyric.

177 3221 212 3288 p.
240 3200 302 3263 771
337 3219 386 3283 sq.
441 3194 613 3260 Verissime
645 3214 776 3287 quoque
806 3192 891 3263 idem
924 3192 1119 3261 Welclrerne
1151 3190 1278 3282 Syllog.

176 3344 211 3409 p.
236 3323 311 3384 145.
336 3315 377 3382 ad
397 3313 549 3404 Aeschyli
580 3315 809 3405 epigrammate
831 3315 944 3382 retulit
978 3314 1066 3384 l'lnt.
1099 3313 1213 3405 Symp.
1235 3313 1277 3393 Ι,

179 3442 233 3507 10.
258 3444 293 3508 3.
339 3436 498 3512 Γλοινκίοος
522 3436 553 3503 δὲ
577 3437 706 3521 ὃρίνίτιορ
730 3434 783 3504 real
803 3438 839 3504 τὸ
862 3435 959 3516 δεξιὸν
982 3436 1073 3520 κέρνος
1096 3433 1278 3512 Αίοοντῶοοις

176 3568 233 3638 τῆς
256 3560 288 3624 ἐν
310 3558 476 3640 Μοιροιίῶνι
499 3555 707 3640 τοιροιτοίξεος
731 3557 915 3635 ἀποδοθῆναι
939 3565 1030 3633 τοῖς
1059 3556 1278 3639 Αἰσχύλον

176 3684 248 3760 τίρν
280 3679 477 3761 μείορίοιν
508 3677 729 3757 ἐλεγείοις
764 3681 952 3754 ἐτιστοῦτο,
990 3677 1198 3758 ἠγωνισμένον
1220 3679 1277 3754 etv

176 3801 289 3886 μοίχνν
319 3800 435 3876 ἐκείνην
464 3800 634 3884 ε’τιφοινῶρ.
683 3798 749 3869 Ubi
780 3797 944 3887 Xylander
976 3798 1039 3865 ianr
1073 3795 1275 3868 emendarit:

176 3932 240 3998 τοῖς
260 3921 421 4003 ἐλεγείοις.
458 3919 527 3986 Nisi
547 3920 663 3990 malis:
687 3921 730 4002 τῷ
748 3920 888 4003 ἐλεγείῳ.
922 3921 1091 3987 Praeterea
1112 3919 1277 4008 corrigen-

177 4046 253 4113 dum
276 4068 344 4112 esse
367 4042 513 4125 conieci:
545 4049 610 4116 τοῖς
633 4040 798 4123 Αἰσχύλον
820 4044 864 4117 είς
887 4041 923 4108 τὸ
945 4040 1079 4124 μείίριον
1102 4039 1273 4120 ἐλεγείοις,

177 4170 253 4243 1,.ο.
278 4166 311 4232 in
337 4167 566 4258 ¹,epigrammate
595 4164 751 4253 inscripto
780 4164 919 4231 termino
945 4186 1010 4254 qno
1044 4160 1274 4230 heantidarnm

178 4287 280 4355 tribus
302 4312 319 4353 a
341 4288 427 4369 tribu
457 4286 656 4355 contermina
687 4286 923 4377 seiungebatur.
971 4283 1075 4351 Possis
1098 4284 1214 4355 etiem:
1242 4284 1273 4349 ἐν
