<?xml version="1.0" encoding="UTF-8"?>
<!DOCTYPE html PUBLIC "-//W3C//DTD XHTML 1.0 Transitional//EN"
    "http://www.w3.org/TR/xhtml1/DTD/xhtml1-transitional.dtd">
<html xmlns="http://www.w3.org/1999/xhtml" xml:lang="en" lang="en">
 <head>
  <title>
</title>
<meta http-equiv="Content-Type" content="text/html;charset=utf-8" />
  <meta name='ocr-system' content='tesseract 3.04.00' />
  <meta name='ocr-capabilities' content='ocr_page ocr_carea ocr_par ocr_line ocrx_word'/>
</head>
<body>
  <div class='ocr_page' id='page_1' title='image "./commentationisc01heckgoog_0119.png"; bbox 0 0 2932 5108; ppageno 0'>
   <div class='ocr_carea' id='block_1_1' title="bbox 668 319 870 423">
    <p class='ocr_par' dir='ltr' id='par_1_1' title="bbox 668 319 870 423">
     <span class='ocr_line' id='line_1_1' title="bbox 668 319 870 423; baseline 0.005 -43"><span class='ocrx_word' id='word_1_1' title='bbox 668 319 870 423; x_wconf 47' lang='lat'>-1065</span> 
     </span>
    </p>
   </div>
   <div class='ocr_carea' id='block_1_2' title="bbox 126 505 1323 4335">
    <p class='ocr_par' dir='ltr' id='par_1_2' title="bbox 126 505 1323 4335">
     <span class='ocr_line' id='line_1_2' title="bbox 310 505 1108 589; baseline 0 -18"><span class='ocrx_word' id='word_1_2' title='bbox 310 506 353 589; x_wconf 77' lang='grc' dir='ltr'><em>τῷ</em></span> <span class='ocrx_word' id='word_1_3' title='bbox 373 506 513 586; x_wconf 75' lang='grc' dir='ltr'><strong><em>γλυκερῷ</em></strong></span> <span class='ocrx_word' id='word_1_4' title='bbox 538 505 590 569; x_wconf 80' lang='grc' dir='ltr'><em>καί</em></span> <span class='ocrx_word' id='word_1_5' title='bbox 613 506 688 579; x_wconf 79' lang='grc' dir='ltr'><em>ίηλυ</em></span> <span class='ocrx_word' id='word_1_6' title='bbox 709 508 958 571; x_wconf 81' lang='grc' dir='ltr'><em>κατιλλοίπτοντι</em></span> <span class='ocrx_word' id='word_1_7' title='bbox 984 510 1108 589; x_wconf 76' lang='grc' dir='ltr'><em>Πριὴπιρ</em></span> 
     </span>
     <span class='ocr_line' id='line_1_3' title="bbox 400 624 1048 708; baseline -0.002 -15"><span class='ocrx_word' id='word_1_8' title='bbox 400 634 518 693; x_wconf 84' lang='grc' dir='ltr'><em>κεῖνται</em></span> <span class='ocrx_word' id='word_1_9' title='bbox 537 634 593 701; x_wconf 76' lang='grc' dir='ltr'><em>τῆς</em></span> <span class='ocrx_word' id='word_1_10' title='bbox 617 628 696 708; x_wconf 76' lang='grc' dir='ltr'><em>ἱερῆς</em></span> <span class='ocrx_word' id='word_1_11' title='bbox 717 624 816 703; x_wconf 82' lang='grc' dir='ltr'><em>ξείνια</em></span> <span class='ocrx_word' id='word_1_12' title='bbox 835 625 1048 708; x_wconf 81' lang='grc' dir='ltr'><em>παννυχιδος,</em></span> 
     </span>
     <span class='ocr_line' id='line_1_4' title="bbox 223 745 1321 828; baseline 0.002 -13"><span class='ocrx_word' id='word_1_13' title='bbox 223 751 255 815; x_wconf 92' lang='lat' dir='ltr'><em>in</em></span> <span class='ocrx_word' id='word_1_14' title='bbox 289 748 379 814; x_wconf 87' lang='lat' dir='ltr'><strong>euius</strong></span> <span class='ocrx_word' id='word_1_15' title='bbox 402 750 484 816; x_wconf 70' lang='lat' dir='ltr'><em>asi</em></span> <span class='ocrx_word' id='word_1_16' title='bbox 512 746 640 812; x_wconf 83' lang='lat' dir='ltr'><strong>scribo:</strong></span> <span class='ocrx_word' id='word_1_17' title='bbox 676 746 802 828; x_wconf 83' lang='grc' dir='ltr'><em>μέροιο,</em></span> <span class='ocrx_word' id='word_1_18' title='bbox 830 745 953 814; x_wconf 87' lang='lat' dir='ltr'><strong>hiatum</strong></span> <span class='ocrx_word' id='word_1_19' title='bbox 985 748 1025 812; x_wconf 93' lang='lat' dir='ltr'><em>ab</em></span> <span class='ocrx_word' id='word_1_20' title='bbox 1053 747 1123 813; x_wconf 86' lang='lat' dir='ltr'><strong>aliis</strong></span> <span class='ocrx_word' id='word_1_21' title='bbox 1155 750 1321 817; x_wconf 85' lang='lat' dir='ltr'><strong>commoda</strong></span> 
     </span>
     <span class='ocr_line' id='line_1_5' title="bbox 222 865 1096 957; baseline -0.001 -20"><span class='ocrx_word' id='word_1_22' title='bbox 222 868 443 937; x_wconf 77' lang='lat' dir='ltr'><strong>emendatione</strong></span> <span class='ocrx_word' id='word_1_23' title='bbox 463 865 625 932; x_wconf 86' lang='lat' dir='ltr'><strong>sublatum</strong></span> <span class='ocrx_word' id='word_1_24' title='bbox 650 867 688 932; x_wconf 92' lang='lat' dir='ltr'><em>iri</em></span> <span class='ocrx_word' id='word_1_25' title='bbox 711 889 852 957; x_wconf 88' lang='lat' dir='ltr'><strong>sperans.</strong></span> <span class='ocrx_word' id='word_1_26' title='bbox 899 868 936 933; x_wconf 90' lang='lat' dir='ltr'><em>in</em></span> <span class='ocrx_word' id='word_1_27' title='bbox 967 888 997 936; x_wconf 88' lang='lat' dir='ltr'><em>o.</em></span> <span class='ocrx_word' id='word_1_28' title='bbox 1018 871 1096 937; x_wconf 87' lang='grc'><strong>201.</strong></span> 
     </span>
     <span class='ocr_line' id='line_1_6' title="bbox 312 984 1051 1070; baseline -0.004 -14"><span class='ocrx_word' id='word_1_29' title='bbox 312 988 510 1070; x_wconf 74' lang='grc' dir='ltr'><em>Ἤγριίπνησε</em></span> <span class='ocrx_word' id='word_1_30' title='bbox 534 985 664 1060; x_wconf 83' lang='grc' dir='ltr'><em>Λεοντὶς</em></span> <span class='ocrx_word' id='word_1_31' title='bbox 688 984 743 1062; x_wconf 79' lang='grc' dir='ltr'><em>ἕως</em></span> <span class='ocrx_word' id='word_1_32' title='bbox 767 988 841 1069; x_wconf 82' lang='grc' dir='ltr'><em>πρὸς</em></span> <span class='ocrx_word' id='word_1_33' title='bbox 862 986 959 1053; x_wconf 78' lang='grc' dir='ltr'><em>καλὸν</em></span> <span class='ocrx_word' id='word_1_34' title='bbox 982 989 1051 1069; x_wconf 79' lang='grc' dir='ltr'><em>ἑῷον</em></span> 
     </span>
     <span class='ocr_line' id='line_1_7' title="bbox 399 1106 1093 1192; baseline -0.001 -16"><span class='ocrx_word' id='word_1_35' title='bbox 399 1108 535 1191; x_wconf 81' lang='grc' dir='ltr'><em>οίστέρα,</em></span> <span class='ocrx_word' id='word_1_36' title='bbox 560 1109 602 1191; x_wconf 71' lang='grc' dir='ltr'><em>τῷ</em></span> <span class='ocrx_word' id='word_1_37' title='bbox 621 1106 743 1192; x_wconf 80' lang='grc' dir='ltr'><strong><em>χρυσέῳ</em></strong></span> <span class='ocrx_word' id='word_1_38' title='bbox 762 1108 934 1191; x_wconf 74' lang='grc' dir='ltr'><em>τερπομένη</em></span> <span class='ocrx_word' id='word_1_39' title='bbox 959 1109 1093 1191; x_wconf 81' lang='grc' dir='ltr'><em>Σθενίῳ,</em></span> 
     </span>
     <span class='ocr_line' id='line_1_8' title="bbox 311 1229 1220 1314; baseline -0.002 -16"><span class='ocrx_word' id='word_1_40' title='bbox 311 1231 345 1309; x_wconf 76' lang='grc' dir='ltr'><em>ἧς</em></span> <span class='ocrx_word' id='word_1_41' title='bbox 364 1231 453 1314; x_wconf 75' lang='grc' dir='ltr'><em>παροδ</em></span> <span class='ocrx_word' id='word_1_42' title='bbox 476 1230 604 1313; x_wconf 77' lang='grc' dir='ltr'><em>Κύπριδι</em></span> <span class='ocrx_word' id='word_1_43' title='bbox 627 1235 719 1296; x_wconf 80' lang='grc' dir='ltr'><em>τοῦτο</em></span> <span class='ocrx_word' id='word_1_44' title='bbox 741 1229 776 1296; x_wconf 86' lang='grc' dir='ltr'><em>τὸ</em></span> <span class='ocrx_word' id='word_1_45' title='bbox 797 1230 853 1297; x_wconf 78' lang='grc' dir='ltr'><em>σὺν</em></span> <span class='ocrx_word' id='word_1_46' title='bbox 876 1229 1035 1298; x_wconf 86' lang='grc' dir='ltr'><em>Μοίσαισι</em></span> <span class='ocrx_word' id='word_1_47' title='bbox 1058 1232 1220 1311; x_wconf 77' lang='grc' dir='ltr'><em>μεληέίν</em></span> 
     </span>
     <span class='ocr_line' id='line_1_9' title="bbox 399 1348 1128 1434; baseline 0.003 -18"><span class='ocrx_word' id='word_1_48' title='bbox 399 1348 554 1432; x_wconf 91' lang='grc' dir='ltr'><em>βοίρβιτον</em></span> <span class='ocrx_word' id='word_1_49' title='bbox 577 1350 612 1415; x_wconf 81' lang='grc' dir='ltr'><em>εἰς</em></span> <span class='ocrx_word' id='word_1_50' title='bbox 632 1349 732 1425; x_wconf 83' lang='grc' dir='ltr'><em>κείνης</em></span> <span class='ocrx_word' id='word_1_51' title='bbox 753 1353 830 1417; x_wconf 82' lang='grc' dir='ltr'><em>κεῖτ’</em></span> <span class='ocrx_word' id='word_1_52' title='bbox 850 1348 897 1418; x_wconf 84' lang='grc' dir='ltr'><em>έτι</em></span> <span class='ocrx_word' id='word_1_53' title='bbox 920 1352 1128 1434; x_wconf 76' lang='grc' dir='ltr'><em>παννυχίδος,</em></span> 
     </span>
     <span class='ocr_line' id='line_1_10' title="bbox 219 1470 1319 1563; baseline 0.001 -24"><span class='ocrx_word' id='word_1_54' title='bbox 219 1472 402 1562; x_wconf 79' lang='lat' dir='ltr'>corrigam:</span> <span class='ocrx_word' id='word_1_55' title='bbox 427 1471 573 1551; x_wconf 82' lang='grc' dir='ltr'><em>μελισέὲν</em></span> <span class='ocrx_word' id='word_1_56' title='bbox 591 1470 768 1554; x_wconf 76' lang='grc' dir='ltr'><em>βάρβιτον,</em></span> <span class='ocrx_word' id='word_1_57' title='bbox 795 1485 831 1538; x_wconf 85' lang='lat' dir='ltr'><em>ut</em></span> <span class='ocrx_word' id='word_1_58' title='bbox 853 1471 993 1555; x_wconf 76' lang='grc' dir='ltr'><em>μελίζειν</em></span> <span class='ocrx_word' id='word_1_59' title='bbox 1009 1475 1149 1540; x_wconf 84' lang='lat' dir='ltr'><strong>activum</strong></span> <span class='ocrx_word' id='word_1_60' title='bbox 1167 1485 1213 1540; x_wconf 89' lang='lat' dir='ltr'><em>est</em></span> <span class='ocrx_word' id='word_1_61' title='bbox 1234 1474 1319 1563; x_wconf 86' lang='lat' dir='ltr'><strong>apud</strong></span> 
     </span>
     <span class='ocr_line' id='line_1_11' title="bbox 218 1590 1323 1677; baseline 0 -16"><span class='ocrx_word' id='word_1_62' title='bbox 218 1593 397 1661; x_wconf 82' lang='lat' dir='ltr'><strong>Marianum</strong></span> <span class='ocrx_word' id='word_1_63' title='bbox 422 1595 463 1660; x_wconf 85' lang='grc' dir='ltr'><em>Δ.</em></span> <span class='ocrx_word' id='word_1_64' title='bbox 484 1594 522 1662; x_wconf 89' lang='grc' dir='ltr'><em>Ρ.</em></span> <span class='ocrx_word' id='word_1_65' title='bbox 543 1592 609 1671; x_wconf 85' lang='grc' dir='ltr'><em>ΙΧ,</em></span> <span class='ocrx_word' id='word_1_66' title='bbox 635 1596 714 1661; x_wconf 84' lang='grc'><strong>668.</strong></span> <span class='ocrx_word' id='word_1_67' title='bbox 737 1598 789 1662; x_wconf 93' lang='lat' dir='ltr'><em>ll.</em></span> <span class='ocrx_word' id='word_1_68' title='bbox 813 1590 845 1669; x_wconf 75' lang='grc' dir='ltr'><em>ὃς</em></span> <span class='ocrx_word' id='word_1_69' title='bbox 865 1594 897 1661; x_wconf 82' lang='grc' dir='ltr'><em>δέ</em></span> <span class='ocrx_word' id='word_1_70' title='bbox 921 1592 1042 1675; x_wconf 83' lang='grc' dir='ltr'><em>μελίζει</em></span> <span class='ocrx_word' id='word_1_71' title='bbox 1062 1592 1194 1677; x_wconf 79' lang='grc' dir='ltr'><em>οὶνπςοδὸν</em></span> <span class='ocrx_word' id='word_1_72' title='bbox 1213 1594 1323 1673; x_wconf 78' lang='grc' dir='ltr'><em>τέττιξ</em></span> 
     </span>
     <span class='ocr_line' id='line_1_12' title="bbox 217 1714 1320 1807; baseline 0.001 -26"><span class='ocrx_word' id='word_1_73' title='bbox 217 1714 405 1800; x_wconf 73' lang='grc' dir='ltr'><em>φθέγματος</em></span> <span class='ocrx_word' id='word_1_74' title='bbox 429 1714 588 1797; x_wconf 78' lang='grc' dir='ltr'><em>ἁρμονίαν.</em></span> <span class='ocrx_word' id='word_1_75' title='bbox 637 1715 719 1781; x_wconf 88' lang='lat' dir='ltr'><strong>item</strong></span> <span class='ocrx_word' id='word_1_76' title='bbox 747 1714 973 1795; x_wconf 81' lang='grc' dir='ltr'><em>οίναίηματικοί</em></span> <span class='ocrx_word' id='word_1_77' title='bbox 996 1729 1070 1782; x_wconf 84' lang='lat' dir='ltr'><strong>eunt</strong></span> <span class='ocrx_word' id='word_1_78' title='bbox 1092 1717 1320 1807; x_wconf 78' lang='lat' dir='ltr'><strong>epigrammata</strong></span> 
     </span>
     <span class='ocr_line' id='line_1_13' title="bbox 220 1835 1159 1928; baseline -0.002 -23"><span class='ocrx_word' id='word_1_79' title='bbox 220 1836 418 1928; x_wconf 78' lang='lat' dir='ltr'><strong>Asclepiadis</strong></span> <span class='ocrx_word' id='word_1_80' title='bbox 441 1858 470 1902; x_wconf 90' lang='lat' dir='ltr'><em>o.</em></span> <span class='ocrx_word' id='word_1_81' title='bbox 490 1839 557 1901; x_wconf 89' lang='grc'><em>202</em></span> <span class='ocrx_word' id='word_1_82' title='bbox 580 1848 613 1901; x_wconf 91' lang='lat' dir='ltr'><em>et</em></span> <span class='ocrx_word' id='word_1_83' title='bbox 636 1838 727 1915; x_wconf 84' lang='lat'><strong>203,</strong></span> <span class='ocrx_word' id='word_1_84' title='bbox 754 1835 870 1902; x_wconf 80' lang='lat' dir='ltr'><strong>Poetae</strong></span> <span class='ocrx_word' id='word_1_85' title='bbox 890 1837 1007 1903; x_wconf 83' lang='lat' dir='ltr'><strong>incerti</strong></span> <span class='ocrx_word' id='word_1_86' title='bbox 1031 1859 1062 1904; x_wconf 89' lang='lat' dir='ltr'><em>e.</em></span> <span class='ocrx_word' id='word_1_87' title='bbox 1084 1840 1159 1904; x_wconf 88' lang='grc'><strong>205.</strong></span> 
     </span>
     <span class='ocr_line' id='line_1_14' title="bbox 305 1954 1031 2037; baseline -0.004 -13"><span class='ocrx_word' id='word_1_88' title='bbox 305 1954 402 2037; x_wconf 76' lang='grc' dir='ltr'><em>’Ίῦγξ</em></span> <span class='ocrx_word' id='word_1_89' title='bbox 422 1959 439 2034; x_wconf 80' lang='grc' dir='ltr'><strong><em>ἡ</em></strong></span> <span class='ocrx_word' id='word_1_90' title='bbox 460 1960 594 2031; x_wconf 67' lang='lat' dir='ltr'><strong>Nesseis,</strong></span> <span class='ocrx_word' id='word_1_91' title='bbox 621 1958 639 2033; x_wconf 76' lang='grc' dir='ltr'><em>η</em></span> <span class='ocrx_word' id='word_1_92' title='bbox 661 1955 713 2021; x_wconf 83' lang='grc' dir='ltr'><em>καί</em></span> <span class='ocrx_word' id='word_1_93' title='bbox 734 1954 909 2022; x_wconf 74' lang='grc' dir='ltr'><em>διαπόντιον</em></span> <span class='ocrx_word' id='word_1_94' title='bbox 928 1954 1031 2023; x_wconf 78' lang='grc' dir='ltr'><em>ἕλκειν</em></span> 
     </span>
     <span class='ocr_line' id='line_1_15' title="bbox 400 2075 1174 2161; baseline -0.001 -17"><span class='ocrx_word' id='word_1_95' title='bbox 400 2076 497 2161; x_wconf 77' lang='grc' dir='ltr'><em>ἄνδρα</em></span> <span class='ocrx_word' id='word_1_96' title='bbox 516 2077 569 2144; x_wconf 81' lang='grc' dir='ltr'><em>καί</em></span> <span class='ocrx_word' id='word_1_97' title='bbox 589 2077 625 2142; x_wconf 84' lang='grc' dir='ltr'><em>ἐκ</em></span> <span class='ocrx_word' id='word_1_98' title='bbox 644 2075 795 2156; x_wconf 84' lang='grc' dir='ltr'><em>ίαλοίμοιν</em></span> <span class='ocrx_word' id='word_1_99' title='bbox 815 2076 933 2151; x_wconf 77' lang='grc' dir='ltr'><em>παῖδας</em></span> <span class='ocrx_word' id='word_1_100' title='bbox 955 2076 1174 2156; x_wconf 70' lang='grc' dir='ltr'><em>ἐπισταμένη,</em></span> 
     </span>
     <span class='ocr_line' id='line_1_16' title="bbox 308 2195 1138 2282; baseline -0.001 -17"><span class='ocrx_word' id='word_1_101' title='bbox 308 2200 413 2282; x_wconf 76' lang='grc' dir='ltr'><em>χρυσῷ</em></span> <span class='ocrx_word' id='word_1_102' title='bbox 437 2197 713 2271; x_wconf 91' lang='grc' dir='ltr'><em>ποικίλλουσα,</em></span> <span class='ocrx_word' id='word_1_103' title='bbox 738 2196 881 2276; x_wconf 75' lang='grc' dir='ltr'><em>διαυγέος</em></span> <span class='ocrx_word' id='word_1_104' title='bbox 902 2195 938 2274; x_wconf 81' lang='grc' dir='ltr'><em>ἕξ</em></span> <span class='ocrx_word' id='word_1_105' title='bbox 959 2196 1138 2277; x_wconf 82' lang='grc' dir='ltr'><em>οίμείιίστου</em></span> 
     </span>
     <span class='ocr_line' id='line_1_17' title="bbox 398 2314 1155 2400; baseline 0 -17"><span class='ocrx_word' id='word_1_106' title='bbox 398 2318 549 2397; x_wconf 73' lang='grc' dir='ltr'><em>γλυπτίη,</em></span> <span class='ocrx_word' id='word_1_107' title='bbox 574 2317 621 2383; x_wconf 83' lang='grc' dir='ltr'><em>σοί</em></span> <span class='ocrx_word' id='word_1_108' title='bbox 646 2323 747 2383; x_wconf 82' lang='grc' dir='ltr'><em>κεῖσαι</em></span> <span class='ocrx_word' id='word_1_109' title='bbox 773 2314 872 2400; x_wconf 83' lang='grc' dir='ltr'><em>Κύπρι</em></span> <span class='ocrx_word' id='word_1_110' title='bbox 894 2316 988 2400; x_wconf 80' lang='grc' dir='ltr'><em>φίλον</em></span> <span class='ocrx_word' id='word_1_111' title='bbox 1008 2316 1155 2393; x_wconf 85' lang='grc' dir='ltr'><em>κτέανον,</em></span> 
     </span>
     <span class='ocr_line' id='line_1_18' title="bbox 308 2437 1138 2525; baseline -0.002 -20"><span class='ocrx_word' id='word_1_112' title='bbox 308 2437 480 2525; x_wconf 79' lang='grc' dir='ltr'><em>πορφυρέης</em></span> <span class='ocrx_word' id='word_1_113' title='bbox 503 2440 604 2518; x_wconf 82' lang='grc' dir='ltr'><em>οίμνοῦ</em></span> <span class='ocrx_word' id='word_1_114' title='bbox 623 2449 757 2522; x_wconf 74' lang='grc' dir='ltr'><em>μαλακῇ</em></span> <span class='ocrx_word' id='word_1_115' title='bbox 778 2437 864 2521; x_wconf 79' lang='grc' dir='ltr'><em>τριχί</em></span> <span class='ocrx_word' id='word_1_116' title='bbox 888 2438 997 2518; x_wconf 78' lang='grc' dir='ltr'><em>μεσσίο</em></span> <span class='ocrx_word' id='word_1_117' title='bbox 1016 2437 1138 2505; x_wconf 83' lang='grc' dir='ltr'><em>δείείσα</em></span> 
     </span>
     <span class='ocr_line' id='line_1_19' title="bbox 398 2557 1023 2642; baseline -0.002 -15"><span class='ocrx_word' id='word_1_118' title='bbox 398 2569 454 2637; x_wconf 75' lang='grc' dir='ltr'><em>τῆς</em></span> <span class='ocrx_word' id='word_1_119' title='bbox 478 2560 672 2641; x_wconf 77' lang='grc' dir='ltr'><em>Λαρισσαίης</em></span> <span class='ocrx_word' id='word_1_120' title='bbox 695 2557 795 2635; x_wconf 82' lang='grc' dir='ltr'><em>ξείνια</em></span> <span class='ocrx_word' id='word_1_121' title='bbox 813 2558 1023 2642; x_wconf 88' lang='grc' dir='ltr'><em>φαρμακίδος.</em></span> 
     </span>
     <span class='ocr_line' id='line_1_20' title="bbox 218 2668 1319 2772; baseline 0 -23"><span class='ocrx_word' id='word_1_122' title='bbox 218 2683 285 2750; x_wconf 82' lang='lat' dir='ltr'><strong>lios</strong></span> <span class='ocrx_word' id='word_1_123' title='bbox 309 2704 415 2749; x_wconf 79' lang='lat' dir='ltr'><strong>versus</strong></span> <span class='ocrx_word' id='word_1_124' title='bbox 438 2705 476 2748; x_wconf 83' lang='lat' dir='ltr'><em>ex</em></span> <span class='ocrx_word' id='word_1_125' title='bbox 499 2680 634 2747; x_wconf 85' lang='lat' dir='ltr'><strong>donario</strong></span> <span class='ocrx_word' id='word_1_126' title='bbox 664 2668 843 2770; x_wconf 80' lang='lat' dir='ltr'><strong>descriptos</strong></span> <span class='ocrx_word' id='word_1_127' title='bbox 869 2704 936 2748; x_wconf 87' lang='lat' dir='ltr'><strong>osse</strong></span> <span class='ocrx_word' id='word_1_128' title='bbox 958 2681 1112 2748; x_wconf 86' lang='lat' dir='ltr'><strong>doeemur</strong></span> <span class='ocrx_word' id='word_1_129' title='bbox 1134 2682 1319 2772; x_wconf 74' lang='lat' dir='ltr'>corruptela</span> 
     </span>
     <span class='ocr_line' id='line_1_21' title="bbox 218 2798 1319 2890; baseline 0.001 -22"><span class='ocrx_word' id='word_1_130' title='bbox 218 2804 303 2872; x_wconf 69' lang='lat' dir='ltr'><em>val</em></span> <span class='ocrx_word' id='word_1_131' title='bbox 341 2799 518 2877; x_wconf 78' lang='lat' dir='ltr'><strong>CAKEIrt,</strong></span> <span class='ocrx_word' id='word_1_132' title='bbox 557 2803 581 2868; x_wconf 89' lang='lat' dir='ltr'><em>i.</em></span> <span class='ocrx_word' id='word_1_133' title='bbox 607 2823 637 2871; x_wconf 86' lang='lat' dir='ltr'><em>e.</em></span> <span class='ocrx_word' id='word_1_134' title='bbox 670 2809 856 2886; x_wconf 72' lang='lat' dir='ltr'><strong>eamn,</strong></span> <span class='ocrx_word' id='word_1_135' title='bbox 897 2799 985 2890; x_wconf 87' lang='lat' dir='ltr'><strong>qnod</strong></span> <span class='ocrx_word' id='word_1_136' title='bbox 1022 2798 1145 2867; x_wconf 87' lang='lat' dir='ltr'><strong>dudum</strong></span> <span class='ocrx_word' id='word_1_137' title='bbox 1181 2803 1319 2871; x_wconf 78' lang='lat' dir='ltr'><strong>editores</strong></span> 
     </span>
     <span class='ocr_line' id='line_1_22' title="bbox 216 2915 1318 3015; baseline 0.002 -25"><span class='ocrx_word' id='word_1_138' title='bbox 216 2934 459 3015; x_wconf 80' lang='lat' dir='ltr'><strong>perspexerunt.</strong></span> <span class='ocrx_word' id='word_1_139' title='bbox 515 2915 635 2989; x_wconf 77' lang='lat' dir='ltr'><strong>Eadem</strong></span> <span class='ocrx_word' id='word_1_140' title='bbox 664 2922 832 2988; x_wconf 85' lang='lat' dir='ltr'><strong>literarum</strong></span> <span class='ocrx_word' id='word_1_141' title='bbox 860 2932 892 2988; x_wconf 88' lang='lat' dir='ltr'>A</span> <span class='ocrx_word' id='word_1_142' title='bbox 911 2934 945 2989; x_wconf 90' lang='lat' dir='ltr'><em>et</em></span> <span class='ocrx_word' id='word_1_143' title='bbox 974 2931 1004 2988; x_wconf 85' lang='lat' dir='ltr'>A</span> <span class='ocrx_word' id='word_1_144' title='bbox 1032 2922 1221 2992; x_wconf 83' lang='lat' dir='ltr'><strong>confusione</strong></span> <span class='ocrx_word' id='word_1_145' title='bbox 1247 2948 1318 2992; x_wconf 90' lang='lat' dir='ltr'><strong>eor·</strong></span> 
     </span>
     <span class='ocr_line' id='line_1_23' title="bbox 217 3041 1316 3134; baseline 0.004 -25"><span class='ocrx_word' id='word_1_146' title='bbox 217 3055 332 3134; x_wconf 86' lang='lat' dir='ltr'><strong>ruptus</strong></span> <span class='ocrx_word' id='word_1_147' title='bbox 355 3042 484 3111; x_wconf 81' lang='lat' dir='ltr'><strong>videtur</strong></span> <span class='ocrx_word' id='word_1_148' title='bbox 514 3062 582 3109; x_wconf 84' lang='lat' dir='ltr'><strong>esse</strong></span> <span class='ocrx_word' id='word_1_149' title='bbox 612 3064 659 3111; x_wconf 81' lang='lat' dir='ltr'><em>vs.</em></span> <span class='ocrx_word' id='word_1_150' title='bbox 685 3048 704 3109; x_wconf 89' lang='grc'>3</span> <span class='ocrx_word' id='word_1_151' title='bbox 735 3042 791 3108; x_wconf 90' lang='lat' dir='ltr'><em>ubi</em></span> <span class='ocrx_word' id='word_1_152' title='bbox 820 3041 1071 3122; x_wconf 64' lang='lat' dir='ltr'><strong>sessionarias,</strong></span> <span class='ocrx_word' id='word_1_153' title='bbox 1095 3045 1182 3134; x_wconf 91' lang='lat' dir='ltr'><strong>quod</strong></span> <span class='ocrx_word' id='word_1_154' title='bbox 1214 3047 1246 3113; x_wconf 94' lang='lat' dir='ltr'><em>in</em></span> <span class='ocrx_word' id='word_1_155' title='bbox 1271 3047 1316 3112; x_wconf 92' lang='lat' dir='ltr'><em>la-</em></span> 
     </span>
     <span class='ocr_line' id='line_1_24' title="bbox 216 3161 1317 3258; baseline 0 -26"><span class='ocrx_word' id='word_1_156' title='bbox 216 3165 294 3258; x_wconf 83' lang='lat' dir='ltr'><strong>pide</strong></span> <span class='ocrx_word' id='word_1_157' title='bbox 312 3176 476 3231; x_wconf 82' lang='lat' dir='ltr'><strong>exaratum</strong></span> <span class='ocrx_word' id='word_1_158' title='bbox 495 3175 584 3243; x_wconf 90' lang='lat' dir='ltr'><strong>erat,</strong></span> <span class='ocrx_word' id='word_1_159' title='bbox 609 3161 800 3230; x_wconf 89' lang='lat' dir='ltr'><strong>mutandum</strong></span> <span class='ocrx_word' id='word_1_160' title='bbox 823 3164 856 3228; x_wconf 92' lang='lat' dir='ltr'><em>in</em></span> <span class='ocrx_word' id='word_1_161' title='bbox 874 3166 981 3246; x_wconf 74' lang='grc' dir='ltr'><em>χρυσῷ</em></span> <span class='ocrx_word' id='word_1_162' title='bbox 1000 3164 1126 3241; x_wconf 91' lang='grc' dir='ltr'><em>ποικίλη</em></span> <span class='ocrx_word' id='word_1_163' title='bbox 1145 3162 1234 3232; x_wconf 77' lang='grc' dir='ltr'><em>οὖσα.</em></span> <span class='ocrx_word' id='word_1_164' title='bbox 1272 3168 1317 3236; x_wconf 90' lang='lat' dir='ltr'><em>Ut</em></span> 
     </span>
     <span class='ocr_line' id='line_1_25' title="bbox 126 3280 1315 3367; baseline -0.001 -13"><span class='ocrx_word' id='word_1_165' title='bbox 126 3284 129 3289; x_wconf 62' lang='grc'>’</span> <span class='ocrx_word' id='word_1_166' title='bbox 215 3287 394 3354; x_wconf 84' lang='lat' dir='ltr'><strong>Homerus:</strong></span> <span class='ocrx_word' id='word_1_167' title='bbox 420 3282 553 3367; x_wconf 85' lang='grc' dir='ltr'><em>ίίρματα</em></span> <span class='ocrx_word' id='word_1_168' title='bbox 576 3283 705 3351; x_wconf 92' lang='grc' dir='ltr'><em>ποικίλα</em></span> <span class='ocrx_word' id='word_1_169' title='bbox 723 3285 850 3367; x_wconf 77' lang='grc' dir='ltr'><em>χαλκῷ.</em></span> <span class='ocrx_word' id='word_1_170' title='bbox 899 3280 1073 3352; x_wconf 75' lang='lat' dir='ltr'>Salmasius</span> <span class='ocrx_word' id='word_1_171' title='bbox 1092 3286 1229 3353; x_wconf 80' lang='lat' dir='ltr'><strong>coniecit</strong></span> <span class='ocrx_word' id='word_1_172' title='bbox 1248 3311 1315 3353; x_wconf 88' lang='grc' dir='ltr'><em>ποι-</em></span> 
     </span>
     <span class='ocr_line' id='line_1_26' title="bbox 214 3404 1316 3498; baseline 0 -25"><span class='ocrx_word' id='word_1_173' title='bbox 214 3407 376 3481; x_wconf 82' lang='grc' dir='ltr'><em>κιλέείσκ,</em></span> <span class='ocrx_word' id='word_1_174' title='bbox 401 3404 565 3471; x_wconf 84' lang='lat' dir='ltr'><strong>laeobsins</strong></span> <span class='ocrx_word' id='word_1_175' title='bbox 587 3405 751 3487; x_wconf 82' lang='grc' dir='ltr'><em>χρυσοπδς</em></span> <span class='ocrx_word' id='word_1_176' title='bbox 775 3404 975 3484; x_wconf 90' lang='grc' dir='ltr'><em>στίλβουσα,</em></span> <span class='ocrx_word' id='word_1_177' title='bbox 1003 3406 1090 3495; x_wconf 87' lang='lat' dir='ltr'><strong>quod</strong></span> <span class='ocrx_word' id='word_1_178' title='bbox 1116 3404 1157 3471; x_wconf 88' lang='lat' dir='ltr'><em>ab</em></span> <span class='ocrx_word' id='word_1_179' title='bbox 1188 3405 1316 3498; x_wconf 79' lang='lat' dir='ltr'><strong>elegan-</strong></span> 
     </span>
     <span class='ocr_line' id='line_1_27' title="bbox 216 3524 1317 3619; baseline -0.001 -24"><span class='ocrx_word' id='word_1_180' title='bbox 216 3529 280 3596; x_wconf 87' lang='lat' dir='ltr'><strong>tiae</strong></span> <span class='ocrx_word' id='word_1_181' title='bbox 311 3526 405 3593; x_wconf 88' lang='lat' dir='ltr'><strong>laude</strong></span> <span class='ocrx_word' id='word_1_182' title='bbox 438 3524 741 3593; x_wconf 80' lang='lat' dir='ltr'><strong>commendandum.</strong></span> <span class='ocrx_word' id='word_1_183' title='bbox 798 3526 862 3592; x_wconf 85' lang='lat' dir='ltr'><em>Has</em></span> <span class='ocrx_word' id='word_1_184' title='bbox 893 3527 1119 3617; x_wconf 78' lang='lat' dir='ltr'><strong>inscriptiones</strong></span> <span class='ocrx_word' id='word_1_185' title='bbox 1152 3528 1317 3619; x_wconf 84' lang='lat' dir='ltr'><strong>excipiunt</strong></span> 
     </span>
     <span class='ocr_line' id='line_1_28' title="bbox 215 3640 1316 3718; baseline -0.003 0"><span class='ocrx_word' id='word_1_186' title='bbox 215 3670 322 3718; x_wconf 77' lang='lat' dir='ltr'><strong>tersus</strong></span> <span class='ocrx_word' id='word_1_187' title='bbox 353 3648 515 3716; x_wconf 83' lang='lat' dir='ltr'><strong>Leonidae</strong></span> <span class='ocrx_word' id='word_1_188' title='bbox 546 3647 712 3715; x_wconf 76' lang='lat' dir='ltr'><strong>Tarentini</strong></span> <span class='ocrx_word' id='word_1_189' title='bbox 740 3647 772 3712; x_wconf 90' lang='lat' dir='ltr'><em>in</em></span> <span class='ocrx_word' id='word_1_190' title='bbox 802 3645 934 3712; x_wconf 87' lang='lat' dir='ltr'><strong>donario</strong></span> <span class='ocrx_word' id='word_1_191' title='bbox 967 3650 1174 3718; x_wconf 80' lang='lat' dir='ltr'><strong>meretricum</strong></span> <span class='ocrx_word' id='word_1_192' title='bbox 1201 3640 1316 3717; x_wconf 88' lang='lat' dir='ltr'><strong>inseri·</strong></span> 
     </span>
     <span class='ocr_line' id='line_1_29' title="bbox 214 3767 1313 3862; baseline -0.002 -24"><span class='ocrx_word' id='word_1_193' title='bbox 214 3772 285 3862; x_wconf 87' lang='lat' dir='ltr'><strong>pti,</strong></span> <span class='ocrx_word' id='word_1_194' title='bbox 311 3769 397 3837; x_wconf 88' lang='lat' dir='ltr'><strong>unde</strong></span> <span class='ocrx_word' id='word_1_195' title='bbox 426 3791 479 3835; x_wconf 84' lang='lat' dir='ltr'><em>eos</em></span> <span class='ocrx_word' id='word_1_196' title='bbox 508 3791 582 3835; x_wconf 87' lang='lat' dir='ltr'><em>oum</em></span> <span class='ocrx_word' id='word_1_197' title='bbox 614 3767 685 3832; x_wconf 88' lang='lat' dir='ltr'><strong>aliis</strong></span> <span class='ocrx_word' id='word_1_198' title='bbox 717 3789 798 3856; x_wconf 87' lang='lat' dir='ltr'><strong>quae</strong></span> <span class='ocrx_word' id='word_1_199' title='bbox 829 3767 973 3831; x_wconf 83' lang='lat' dir='ltr'><strong>recensui</strong></span> <span class='ocrx_word' id='word_1_200' title='bbox 1004 3768 1240 3859; x_wconf 75' lang='lat' dir='ltr'><strong>epigrammatis</strong></span> <span class='ocrx_word' id='word_1_201' title='bbox 1275 3772 1313 3836; x_wconf 90' lang='lat' dir='ltr'><em>ad</em></span> 
     </span>
     <span class='ocr_line' id='line_1_30' title="bbox 189 3888 835 3980; baseline 0 -25"><span class='ocrx_word' id='word_1_202' title='bbox 189 3889 344 3976; x_wconf 73' lang='grc' dir='ltr'><em>ιε’ροιτικοέ</em></span> <span class='ocrx_word' id='word_1_203' title='bbox 366 3890 478 3959; x_wconf 87' lang='lat' dir='ltr'><strong>retulit</strong></span> <span class='ocrx_word' id='word_1_204' title='bbox 502 3888 680 3980; x_wconf 80' lang='lat' dir='ltr'><strong>Cephalas,</strong></span> <span class='ocrx_word' id='word_1_205' title='bbox 706 3911 735 3956; x_wconf 88' lang='lat' dir='ltr'><em>a.</em></span> <span class='ocrx_word' id='word_1_206' title='bbox 757 3889 835 3955; x_wconf 87' lang='grc'><strong>206.</strong></span> 
     </span>
     <span class='ocr_line' id='line_1_31' title="bbox 302 4009 1130 4091; baseline -0.012 -9"><span class='ocrx_word' id='word_1_207' title='bbox 302 4015 403 4091; x_wconf 80' lang='grc' dir='ltr'><em>Μηλίι</em></span> <span class='ocrx_word' id='word_1_208' title='bbox 424 4012 475 4079; x_wconf 83' lang='grc' dir='ltr'><em>καί</em></span> <span class='ocrx_word' id='word_1_209' title='bbox 501 4009 628 4090; x_wconf 84' lang='grc' dir='ltr'><em>Σατέρη</em></span> <span class='ocrx_word' id='word_1_210' title='bbox 648 4009 877 4087; x_wconf 78' lang='grc' dir='ltr'><em>τανυιίλικες</em></span> <span class='ocrx_word' id='word_1_211' title='bbox 901 4009 1130 4089; x_wconf 72' lang='grc' dir='ltr'><em>Ἀντιγενείδου</em></span> 
     </span>
     <span class='ocr_line' id='line_1_32' title="bbox 391 4129 1111 4213; baseline -0.01 -13"><span class='ocrx_word' id='word_1_212' title='bbox 391 4134 525 4212; x_wconf 80' lang='grc' dir='ltr'><em>παῖδες,</em></span> <span class='ocrx_word' id='word_1_213' title='bbox 548 4131 601 4198; x_wconf 81' lang='grc' dir='ltr'><em>τοιί</em></span> <span class='ocrx_word' id='word_1_214' title='bbox 622 4129 769 4196; x_wconf 83' lang='grc' dir='ltr'><em>Μουσέων</em></span> <span class='ocrx_word' id='word_1_215' title='bbox 789 4129 906 4198; x_wconf 81' lang='grc' dir='ltr'><em>εὔκολοι</em></span> <span class='ocrx_word' id='word_1_216' title='bbox 928 4129 1111 4213; x_wconf 74' lang='grc' dir='ltr'><em>έρνοίτιδες,</em></span> 
     </span>
     <span class='ocr_line' id='line_1_33' title="bbox 301 4254 1223 4335; baseline -0.004 -15"><span class='ocrx_word' id='word_1_217' title='bbox 301 4259 400 4329; x_wconf 84' lang='grc' dir='ltr'><em>Μηλὼ</em></span> <span class='ocrx_word' id='word_1_218' title='bbox 421 4256 477 4335; x_wconf 78' lang='grc' dir='ltr'><em>μέν</em></span> <span class='ocrx_word' id='word_1_219' title='bbox 501 4254 644 4328; x_wconf 80' lang='grc' dir='ltr'><em>Μοίσαις</em></span> <span class='ocrx_word' id='word_1_220' title='bbox 666 4254 844 4332; x_wconf 85' lang='grc' dir='ltr'><em>Πιμπληίσι</em></span> <span class='ocrx_word' id='word_1_221' title='bbox 869 4254 940 4328; x_wconf 85' lang='grc' dir='ltr'><em>τοὺς</em></span> <span class='ocrx_word' id='word_1_222' title='bbox 964 4275 1067 4333; x_wconf 81' lang='grc' dir='ltr'><em>ταχυ</em></span> <span class='ocrx_word' id='word_1_223' title='bbox 1074 4258 1223 4333; x_wconf 82' lang='grc' dir='ltr'><em>χειλείς</em></span> 
     </span>
    </p>
   </div>
   <div class='ocr_carea' id='block_1_3' title="bbox 0 0 1470 5108">
    <p class='ocr_par' dir='ltr' id='par_1_3' title="bbox 0 0 1470 5108">
     <span class='ocr_line' id='line_1_34' title="bbox 0 0 1470 5108; baseline 0 5"><span class='ocrx_word' id='word_1_224' title='bbox 0 0 1470 5108; x_wconf 95' lang='lat' dir='ltr'><em> </em></span> 
     </span>
    </p>
   </div>
  </div>
 </body>
</html>
