2842 5100
501 1589 624 1740 arnus
648 1652 812 1739 nunus.

367 1949 618 2032 Quansrronrs
649 1966 926 2018 serenarurcas.

158 2883 388 2973 Anthoiogiam
415 2882 568 2950 Graecam
593 2882 619 2946 si
642 2880 792 2972 equidem
813 2880 970 2949 edendam
990 2885 1205 2976 susciperem,

113 3005 198 3096 quod
223 3028 287 3071 non
316 3017 397 3095 puto
428 3026 479 3070 mc
508 3004 694 3082 facturum,
720 3002 774 3070 sed
802 3004 827 3069 si
852 3005 1014 3084 iacerem,
1048 3007 1207 3098 integrum

112 3127 288 3193 carminum
325 3147 441 3216 corpus
470 3126 502 3190 in
536 3123 613 3189 duas
647 3123 870 3190 distribuerem
909 3139 1015 3212 partes
1048 3128 1208 3211 maiores,

113 3247 282 3338 Syllogen
318 3246 595 3336 suscriptionem
628 3256 661 3312 et
700 3245 1011 3335 Eps'grcmmatum
1046 3246 1209 3315 Florile-

108 3375 232 3460 gium,
264 3371 296 3436 in
330 3392 395 3459 quo
423 3367 519 3435 titulo
549 3365 704 3434 diversam
736 3367 915 3434 carminum
946 3367 1087 3435 indolem
1117 3371 1209 3437 indi-

113 3494 182 3556 cavi
205 3490 326 3557 adscito
352 3489 592 3579 significationis
628 3489 833 3570 discrimine,
866 3488 952 3578 quod
990 3492 1207 3559 recentiorum

114 3633 171 3678 usu
192 3613 348 3678 Graecum
379 3611 462 3677 iuter
481 3621 514 3676 et
538 3610 687 3675 Latinum
711 3631 829 3676 nomen
854 3609 1051 3678 obtinuit-et
1071 3612 1133 3678 iam
1158 3615 1210 3678 in·

14 3716 23 3735 ’
113 3730 228 3798 valuit.
281 3728 352 3797 lico
377 3728 518 3796 dandum
548 3728 678 3796 ridetur
703 3731 800 3810 usui,
834 3731 987 3797 sermonis
1019 3732 1209 3800 moderandi

113 3851 249 3919 arbitro.
303 3849 555 3938 Inscriptionum
591 3848 735 3940 sulingen
766 3850 839 3916 dico
872 3853 1054 3941 congeriem
1086 3854 1209 3919 carmi·
1312 3869 1317 3876 ’

112 3995 190 4040 num
221 3992 304 4060 quee
327 3969 360 4034 in
384 3970 578 4058 templorum
603 3970 806 4060 parietibus,
840 3970 974 4040 deorum
1005 3971 1185 4040 simulacris
1195 4012 1206 4056 ·,

113 4092 255 4161 donariis
289 4088 350 4156 diis
380 4091 508 4157 sacratis
540 4104 574 4156 et
607 4092 722 4158 tabulis
752 4095 866 4161 seticis
899 4095 1051 4182 inscripta
1076 4094 1207 4163 fueram

114 4209 413 4300 (Ἀναθημοιτικά),
449 4223 481 4276 et
517 4235 599 4303 quae
635 4214 667 4279 in
706 4216 926 4304 sepulcrorum
966 4214 1071 4307 cippis
1109 4218 1209 4285 incisa

115 4335 370 4424 t'mno'ottso),
404 4346 458 4401 aut
489 4332 522 4399 in
558 4338 691 4419 statuis,
726 4339 881 4426 picturis,
915 4337 1039 4427 poculis
1079 4339 1209 4406 caelatis

960 4461 974 4522 l
