2932 5108
632 384 837 447 -127-

185 572 415 663 epigrammate
448 590 530 659 quae
555 565 712 658 Cephalus
742 569 923 659 inscripsitr
956 564 1193 649 ἐπιγράμματα
1222 562 1290 631 δια-

183 691 285 778 φόρων
310 692 428 775 μέτριαι
450 705 483 759 et
503 693 536 758 in
559 690 682 757 librum
712 689 882 757 llecimum
905 690 1051 756 Tertium
1080 688 1216 755 collecte
1235 688 1290 755 de-

185 814 246 881 dit.
294 813 332 880 lu
357 834 422 903 quo
446 812 486 878 ad
507 834 537 881 c.
559 815 614 879 28.
640 811 837 901 adscriptum
859 811 978 901 legitur
1002 822 1128 902 praeter
1148 808 1291 877 Simoni·

185 933 234 1001 dis
256 957 391 1002 nomeu:
424 930 642 1016 Καλλιμάχου
671 932 724 999 ieri
754 934 799 1016 τῷ
830 933 916 1015 αὐτῷ
945 930 1144 1016 τετραμέτρῳ
1167 930 1291 999 ἕνδεκα·

184 1056 367 1136 cristallus,
394 1056 479 1124 uude
504 1055 654 1122 nonnulli
679 1054 877 1145 epigremma
894 1053 1070 1122 Simonidis
1091 1050 1292 1121 Gellimacbo

185 1177 382 1248 tribuerunt.
430 1176 495 1245 Sed
519 1174 694 1245 Simonidis
724 1198 853 1243 carmen
878 1175 1072 1267 sequebatur
1098 1172 1293 1243 Callimachi

184 1300 382 1390 cpigrsnama
403 1298 491 1390 quod
515 1300 599 1367 iuter
627 1297 820 1389 sepulcralia
846 1300 879 1365 in
902 1296 1021 1366 Codice
1039 1297 1193 1365 Psintino
1211 1295 1291 1364 rele-

185 1431 255 1487 tum
283 1434 386 1489 exstet
407 1421 491 1501 111,
524 1444 556 1491 c.
576 1423 653 1490 728.
687 1423 720 1487 in
754 1420 818 1487 alio
848 1442 925 1486 sero
955 1418 1041 1485 libro
1072 1419 1291 1509 manuscripto

184 1543 270 1608 inter
301 1542 532 1634 epigrammate
567 1542 646 1608 libri
680 1541 808 1609 Decimi
837 1542 939 1611 'l'crtii
978 1538 1159 1631 legebatur.
1209 1538 1291 1607 lnde

184 1661 302 1731 ductae
328 1664 425 1730 etiam
457 1661 613 1729 Simmiae
649 1661 875 1752 inscriptiones
905 1660 1045 1737 Πέλειιιιρ
1070 1673 1103 1729 et
1130 1658 1290 1744 Πτέριιγες

179 1783 315 1865 Ἔρατος
340 1782 381 1850 Δ.
407 1782 445 1851 P.
463 1781 545 1861 XV,
571 1784 614 1848 22
638 1793 672 1848 et
695 1786 752 1851 24.
777 1806 913 1874 quarum
937 1782 1019 1850 lraec
1042 1795 1166 1849 statuae
1189 1783 1291 1850 Amo·

184 1903 226 1969 ris
248 1902 375 1982 alatae,
400 1903 433 1969 in
459 1901 582 1993 templo
605 1900 771 1971 dedicatae
794 1904 892 1971 incias
921 1904 1007 1983 fuit,
1033 1901 1112 1969 baec
1139 1903 1220 1992 llpei
1241 1923 1291 1969 se·

184 2025 277 2101 ouri,
303 2045 398 2115 quam
428 2020 564 2091 Athenis
587 2025 803 2095 asservabant.
849 2026 888 2093 ln
911 2025 950 2091 iis
969 2026 1141 2114 conspicua
1164 2022 1241 2090 felix
1258 2034 1291 2090 et

184 2143 286 2211 eudes
315 2157 348 2212 et
378 2167 453 2211 sena
482 2145 583 2212 dictio
604 2158 636 2212 et
665 2156 770 2213 metro
802 2144 1024 2212 choriambico
1052 2167 1178 2235 semper
1208 2143 1292 2235 pede

184 2265 296 2335 demto
320 2266 525 2335 decrescente
548 2267 703 2335 facillima
731 2269 857 2334 ratione
874 2270 1037 2357 poematia
1054 2265 1289 2333 accommodari

184 2400 335 2477 poterant
358 2398 535 2453 atetuerum
565 2387 685 2477 quibus
716 2388 969 2454 inscriberentur
1001 2386 1135 2456 formae.
1183 2386 1290 2453 lltiam

186 2505 346 2573 llosiadae
373 2506 437 2573 Are
461 2508 631 2598 inscriptio
660 2506 722 2572 luit
752 2527 836 2595 quee
862 2505 946 2573 Arae
972 2506 1025 2571 cui
1049 2507 1202 2596 inscripta
1222 2518 1291 2573 erat

184 2628 322 2717 liguram
345 2625 518 2697 referebat.
564 2624 603 2694 ld
626 2626 714 2717 quod
742 2625 981 2694 demonstretur
1003 2648 1109 2695 sersus
1129 2627 1291 2718 adscripta

184 2749 217 2815 in
242 2749 284 2816 A.
307 2749 344 2816 P.
364 2747 447 2825 XV,
472 2752 530 2817 25.

273 2867 424 2935 Δωσιάδα
441 2867 550 2949 βωμὸς
570 2866 710 2950 Δωριέας
729 2864 762 2933 ds
780 2865 896 2934 ἔστασι
918 2864 1052 2946 μιάσαιρ
1076 2868 1108 2933 ἐν
1127 2874 1195 2953 γᾷ,

185 3011 268 3079 quae
284 2988 380 3056 rerba
401 2988 557 3057 facillime
578 2990 722 3056 numeris
745 2986 975 3055 choriambicis
996 2987 1196 3078 adstringes:

274 3110 424 3179 Δωσιάδα
443 3111 580 3195 Δωριέας
599 3111 708 3191 βωμὸς
728 3106 760 3175 ὃν
779 3108 890 3176 ἕστατ’
912 3107 955 3173 ἐνὶ
973 3115 1022 3192 γρῖ
1044 3133 1063 3175 v
1086 3108 1241 3184 Μσάσαιρ.

184 3232 316 3299 Poetam
346 3234 452 3323 ipsum
483 3256 548 3300 non
572 3232 734 3299 diversum
767 3228 870 3295 babeo
898 3226 939 3293 ab
967 3226 1123 3295 historico
1156 3231 1212 3319 qui
1240 3253 1290 3298 res

186 3352 388 3421 Cretensium
424 3354 636 3443 perscripsit,
663 3376 694 3420 ι.
720 3349 840 3418 Athen.
859 3350 928 3429 11,
957 3353 1032 3419 143.
1058 3351 1099 3433 A.
1120 3352 1180 3429 Vl,
1209 3356 1289 3423 264.

187 3476 229 3541 A.
257 3473 352 3541 lliod.
376 3474 444 3541 Sic.
463 3474 512 3553 V,
536 3476 593 3541 80.
641 3474 748 3541 Etiam
766 3472 962 3563 epigramma
987 3477 1028 3541 A.
1046 3472 1083 3540 Ρ.
1105 3473 1183 3553 111,
1211 3480 1288 3545 154.

186 3593 273 3684 quod
295 3595 394 3684 cippo
429 3593 628 3685 insculptum
659 3595 735 3683 legit
769 3594 918 3672 Pausi,
944 3598 999 3661 43.
1023 3596 1098 3661 7.u
1129 3594 1290 3686 Meleagro

185 3714 382 3804 descriptum
406 3727 510 3804 puto,
536 3716 614 3786 item
645 3715 808 3783 distichon
832 3718 864 3783 iu
895 3736 1015 3806 equum
1047 3712 1201 3783 Pbidolae
1222 3716 1289 3797 11,

188 3839 263 3905 135.
291 3834 358 3901 basi
383 3836 574 3926 inscriptum
599 3840 674 3929 equi
697 3837 759 3905 deo
780 3837 880 3905 dicati
906 3860 937 3905 r.
958 3836 1052 3906 Prus.
1077 3837 1147 3916 11,
1175 3842 1228 3908 13.
1253 3844 1286 3908 5.

185 3970 216 4026 et
238 3956 299 4024 aliu
332 3968 368 4023 ut
403 3956 564 4025 Leonidae
589 3962 787 4051 epigramma
809 3958 880 4036 11,
908 3960 984 4033 ato.
1018 3959 1101 4050 apud
1132 3961 1226 4027 l’eus.
1250 3960 1288 4041 1,

188 4084 241 4148 13.
266 4080 299 4144 2.
337 4078 501 4168 Antipatri
522 4100 652 4169 quoque
675 4078 806 4148 Sidonii
828 4079 1025 4171 epigramma
1057 4082 1090 4146 in
1111 4080 1287 4149 Homerum

188 4202 229 4269 A.
263 4200 299 4268 P.
322 4196 406 4274 111,
442 4202 476 4267 6.
514 4200 546 4266 in
581 4199 688 4292 lapide
716 4205 873 4294 scriptum
905 4214 1030 4279 exarat,
1066 4200 1119 4268 sed
1151 4203 1288 4272 alterum

187 4321 329 4389 eiusdem
358 4334 470 4411 poetae
498 4323 529 4388 in
567 4322 741 4391 liemarum
769 4325 965 4413 epigramma
990 4322 1075 4403 111,
1100 4326 1133 4393 2.
1167 4325 1288 4395 descri-
