2932 5108
627 339 831 401 -150-

270 523 349 592 ci'ei
368 526 419 590 ἐπ’
437 524 611 607 άνθράπονς
634 522 750 603 ὅνομοι
773 523 911 589 κλυτὸν
933 522 1066 603 άνλοοάν
1089 548 1125 589 το
1144 522 1232 589 νίκοον

358 644 468 712 ἕκοιτι
491 649 640 713 Μοιοάν
663 648 781 722 disus,
805 643 997 729 ἰοστεφάνων
1019 643 1125 713 θεάων.

177 767 228 837 td
249 768 467 858 integritatem
490 769 576 834 euim
597 767 817 857 inscriptionis
840 765 986 833 desidero
1004 769 1201 835 mentionem
1223 790 1278 833 un-

176 890 235 970 ni,
260 888 327 955 sire
349 888 490 954 nominis
511 889 570 953 riri
586 909 653 976 quo
680 888 848 955 Archonte
869 890 1039 979 Epoupmo
1069 889 1102 955 in
1124 888 1186 955 hoc
1207 910 1279 955 cer·

177 1011 298 1079 tumine
317 1008 489 1078 chororum
512 1007 742 1077 orbiculurium
772 1012 838 1077 sire
861 1008 1174 1100 dithyrambicorum
1200 1010 1279 1075 ricit

99 1174 102 1179 -
178 1131 281 1201 tribus
299 1128 594 1200 dcumrntidsrum.
641 1128 724 1197 Nem
748 1131 855 1220 primo
875 1154 968 1199 uersu
992 1129 1131 1198 πολλάκι
1147 1129 1184 1208 δή
1201 1151 1277 1197 cunr

177 1253 278 1321 rerbo
298 1248 500 1329 ἀνωλόλυξαν
521 1248 585 1316 hoc
604 1272 697 1317 sensu
717 1251 807 1342 iungi
825 1251 939 1342 nequit
959 1264 996 1319 ut
1016 1251 1120 1319 multo
1139 1252 1282 1318 clamore

176 1372 356 1441 victoribus
377 1373 567 1464 applausum
590 1395 658 1440 esse
689 1371 830 1444 dicatur.
877 1374 949 1441 lmo
974 1396 1084 1442 sensus
1106 1386 1174 1441 cst:
1208 1373 1278 1439 lum

177 1517 272 1585 saepe
293 1508 397 1562 entes·
413 1495 446 1560 iu
470 1491 693 1584 superioribus
721 1491 954 1561 certaminibus
984 1494 1061 1562 uicit
1095 1494 1279 1563 Acamanti-

178 1616 292 1683 durmn
314 1614 417 1681 tribus
434 1626 468 1681 et
485 1635 594 1681 rursus
614 1612 678 1681 hoc
700 1636 798 1684 enno.
845 1611 966 1683 Gonier
984 1614 1148 1687 Simonid.
1170 1615 1213 1684 Δ.
1239 1616 1279 1687 P.

178 1737 249 1817 Vl,
274 1739 309 1805 2.
337 1734 417 1813 τάξον
435 1772 482 1785 -
499 1733 640 1805 πολλάκι
662 1735 699 1813 tt,
721 1734 888 1804 στονόεντα
912 1736 1001 1805 κκτά
1027 1736 1135 1807 κλάνον
1156 1740 1280 1822 Περσῶν

177 1856 293 1939 οιῖμιιτι
310 1855 505 1938 λουσάμενα.
536 1856 664 1927 Gallim.
690 1856 733 1924 lr.
753 1859 835 1925 201.
857 1855 998 1923 πολλάκι
1014 1855 1051 1934 tt,
1071 1855 1192 1940 λύχνον
1210 1864 1282 1925 πῖον

178 1978 303 2059 ἔλειξοιν
330 1977 407 2063 inp,
441 1992 478 2045 nt
509 1992 596 2046 recte
624 1978 807 2046 emendavit
840 1977 1118 2049 Schneidewinus.
1165 1978 1280 2070 Inepte

179 2125 312 2194 quoque
341 2124 451 2168 omnes
475 2113 638 2192 quotquot
660 2102 751 2192 prius
776 2101 913 2168 rictores
940 2103 1132 2169 exstiterunt
1164 2114 1280 2191 postue

177 2237 211 2293 et
228 2224 403 2292 choreutse
423 2245 488 2288 unu
505 2221 592 2287 huno
612 2221 773 2312 tripodem
791 2220 953 2288 dedicasse
971 2221 1138 2293 dicuntur.
1186 2222 1280 2292 Unde

176 2346 319 2414 coniicio
343 2358 416 2437 post
440 2366 565 2412 versum
595 2356 749 2434 quartum
773 2341 926 2410 excidisse
949 2342 1030 2409 duos
1049 2365 1178 2424 versus,
1202 2346 1278 2436 qui·

178 2468 238 2533 bus
255 2464 421 2534 archontis
441 2488 557 2533 nomen
579 2476 612 2530 et
629 2478 743 2555 poetae
768 2462 1062 2555 choreuturumque
1080 2467 1276 2534 mentionem

177 2587 362 2677 complexus
390 2597 438 2653 est
464 2582 659 2652 Simonides.
711 2587 760 2651 Eo
794 2584 1000 2652 referendum
1030 2578 1058 2652 ei
1079 2624 1127 2637 -
1148 2589 1281 2665 άιὶκοιντο

179 2719 217 2773 ut
246 2717 333 2773 recte
362 2704 524 2793 scripsisse
547 2701 674 2768 ridetur
698 2703 862 2770 Bentleius
892 2718 924 2772 et
946 2706 1061 2782 κείνους
1080 2748 1127 2759 -
1143 2708 1280 2791 άνδροις,

178 2826 266 2919 quod
296 2826 460 2914 ingeniose
493 2824 677 2889 coniectum
709 2826 846 2892 mutarit
877 2825 1033 2917 Bergkius
1065 2831 1122 2895 in:
1161 2831 1279 2906 θῆκοιν·

178 2945 342 3021 Κικυννοάς
372 2945 399 3010 δ’
427 2941 608 3021 Ἀντιγένης
637 2947 676 3031 ¹).
723 2946 767 3013 dt
797 2947 930 3037 Berglii
958 2949 1214 3019 emendationem
1246 2952 1279 3017 in

181 3082 303 3139 tortum
332 3067 478 3156 recipere
503 3088 567 3131 non
596 3067 718 3146 uusim,
745 3068 831 3157 quod
855 3069 896 3135 de
915 3071 1048 3161 singulis
1070 3074 1179 3141 verbis
1207 3095 1280 3141 rer·

180 3214 296 3271 suum,
328 3212 409 3280 quos
435 3186 584 3277 equidem
615 3186 816 3255 intercidisse
852 3203 979 3273 statuo,
1015 3195 1121 3260 omniu
1159 3198 1280 3260 incerto

217 3540 240 3611 ³)
259 3535 354 3592 Lenius
371 3533 456 3609 iuret,
475 3537 498 3593 si
515 3536 615 3612 gentile
632 3538 734 3595 nomini
751 3541 853 3615 proprio
871 3539 1022 3597 addendum
1040 3540 1127 3612 lorct3
1145 3560 1280 3620 reponere:

179 3642 305 3715 θήκοινοο
313 3664 329 3708 ·,
339 3648 430 3710 Κοῖος
444 3642 471 3701 δ’
488 3639 656 3723 Ἀντιγένης
673 3642 732 3702 κτὲ.
770 3644 854 3720 quue
871 3663 924 3700 non
940 3645 1115 3723 impmbubile
1129 3648 1211 3705 videri
1223 3667 1281 3726 pos·

177 3750 220 3806 sit.
257 3752 292 3805 Et
314 3745 369 3805 tuit
390 3770 481 3829 ‚quum
506 3748 556 3806 hoc
576 3767 673 3805 nomen
696 3746 893 3804 restituendum
916 3766 969 3804 esse
995 3758 1117 3824 putarem
1145 3753 1282 3811 Aristoteli

178 3854 248 3931 opud
274 3852 347 3930 Diog.
374 3858 402 3909 L.
421 3858 466 3925 11,
485 3858 529 3911 46.
567 3852 706 3933 Πινδάρῳ
732 3850 912 3926 ἐφιλονείκει
939 3855 1124 3931 Ἀμφιμένης
1148 3855 1282 3931 άΚῷος.

178 3960 228 4017 Sed
244 3960 292 4016 hoe
306 3958 433 4016 incertius
451 3979 505 4016 esse
522 3961 577 4037 ipsc
594 3960 684 4020 fateor.
722 3960 825 4016 Cestius
839 3980 898 4018 vero
910 3962 1079 4020 scribendum
1091 3978 1162 4016 esse:
1182 3959 1281 4018 ὀΚιῖ·

180 4086 227 4131 ος,
248 4058 387 4121 Simonidis
411 4073 439 4120 et
458 4063 619 4141 Beoehplidis
638 4066 728 4122 eadem
754 4065 842 4126 insule
859 4071 909 4126 Ceo
925 4066 1099 4126 oriundorum
1117 4065 1233 4142 aequalis
1252 4076 1279 4122 ot

177 4172 277 4228 amicus
295 4172 342 4251 qui
361 4171 487 4250 graviores
507 4172 672 4233 etium'cum
699 4182 774 4249 poete
795 4174 916 4236 Thebano
936 4174 995 4231 lites
1014 4170 1156 4230 exercuisse
1175 4170 1279 4229 videtur

176 4286 203 4333 et
221 4276 298 4337 ritus.
