<?xml version="1.0" encoding="UTF-8"?>
<!DOCTYPE html PUBLIC "-//W3C//DTD XHTML 1.0 Transitional//EN"
    "http://www.w3.org/TR/xhtml1/DTD/xhtml1-transitional.dtd">
<html xmlns="http://www.w3.org/1999/xhtml" xml:lang="en" lang="en">
 <head>
  <title>
</title>
<meta http-equiv="Content-Type" content="text/html;charset=utf-8" />
  <meta name='ocr-system' content='tesseract 3.04.00' />
  <meta name='ocr-capabilities' content='ocr_page ocr_carea ocr_par ocr_line ocrx_word'/>
</head>
<body>
  <div class='ocr_page' id='page_1' title='image "./commentationisc01heckgoog_0104.png"; bbox 0 0 2932 5108; ppageno 0'>
   <div class='ocr_carea' id='block_1_1' title="bbox 636 384 817 443">
    <p class='ocr_par' dir='ltr' id='par_1_1' title="bbox 636 384 817 443">
     <span class='ocr_line' id='line_1_1' title="bbox 636 384 817 443; baseline 0 -16"><span class='ocrx_word' id='word_1_1' title='bbox 636 384 817 443; x_wconf 68' lang='lat'><strong>..91-</strong></span> 
     </span>
    </p>
   </div>
   <div class='ocr_carea' id='block_1_2' title="bbox 184 566 1281 780">
    <p class='ocr_par' dir='ltr' id='par_1_2' title="bbox 184 566 1281 780">
     <span class='ocr_line' id='line_1_2' title="bbox 184 566 1278 659; baseline -0.001 -24"><span class='ocrx_word' id='word_1_2' title='bbox 184 572 328 659; x_wconf 73' lang='lat' dir='ltr'><strong>Augusto</strong></span> <span class='ocrx_word' id='word_1_3' title='bbox 361 570 475 636; x_wconf 85' lang='lat' dir='ltr'><strong>eversis</strong></span> <span class='ocrx_word' id='word_1_4' title='bbox 503 579 535 633; x_wconf 86' lang='lat' dir='ltr'><strong>et</strong></span> <span class='ocrx_word' id='word_1_5' title='bbox 561 566 788 635; x_wconf 79' lang='lat' dir='ltr'><strong>Chaeremonis</strong></span> <span class='ocrx_word' id='word_1_6' title='bbox 822 590 917 657; x_wconf 89' lang='lat' dir='ltr'><strong>opera</strong></span> <span class='ocrx_word' id='word_1_7' title='bbox 950 567 1078 634; x_wconf 81' lang='lat' dir='ltr'><strong>reiectis</strong></span> <span class='ocrx_word' id='word_1_8' title='bbox 1110 566 1197 635; x_wconf 81' lang='lat' dir='ltr'><strong>IIist.</strong></span> <span class='ocrx_word' id='word_1_9' title='bbox 1222 566 1278 643; x_wconf 88' lang='lat' dir='ltr'><strong>II,</strong></span> 
     </span>
     <span class='ocr_line' id='line_1_3' title="bbox 185 686 1281 780; baseline -0.001 -24"><span class='ocrx_word' id='word_1_10' title='bbox 185 694 236 758; x_wconf 85' lang='grc'><strong>18.</strong></span> <span class='ocrx_word' id='word_1_11' title='bbox 270 714 305 780; x_wconf 91' lang='lat' dir='ltr'><strong>p.</strong></span> <span class='ocrx_word' id='word_1_12' title='bbox 327 692 402 757; x_wconf 86' lang='lat'>102.</span> <span class='ocrx_word' id='word_1_13' title='bbox 429 696 461 756; x_wconf 82' lang='lat'><strong>5.</strong></span> <span class='ocrx_word' id='word_1_14' title='bbox 495 693 602 754; x_wconf 82' lang='grc' dir='ltr'><strong><em>ταῦτα</em></strong></span> <span class='ocrx_word' id='word_1_15' title='bbox 632 688 664 753; x_wconf 84' lang='grc' dir='ltr'><strong>δὲ</strong></span> <span class='ocrx_word' id='word_1_16' title='bbox 686 686 763 755; x_wconf 80' lang='grc' dir='ltr'><strong><em>οὕτω</em></strong></span> <span class='ocrx_word' id='word_1_17' title='bbox 790 686 1008 770; x_wconf 77' lang='grc' dir='ltr'><strong><em>ξυνενεχίῆναι</em></strong></span> <span class='ocrx_word' id='word_1_18' title='bbox 1032 686 1121 763; x_wconf 78' lang='grc' dir='ltr'><strong><em>δηλοῖ</em></strong></span> <span class='ocrx_word' id='word_1_19' title='bbox 1140 686 1199 767; x_wconf 81' lang='grc' dir='ltr'><strong>μέν</strong></span> <span class='ocrx_word' id='word_1_20' title='bbox 1220 709 1281 755; x_wconf 88' lang='grc' dir='ltr'><strong>που</strong></span> 
     </span>
    </p>
   </div>
   <div class='ocr_carea' id='block_1_3' title="bbox 101 806 1282 4412">
    <p class='ocr_par' dir='ltr' id='par_1_3' title="bbox 101 806 1282 4412">
     <span class='ocr_line' id='line_1_4' title="bbox 181 806 1279 892; baseline -0.003 -15"><span class='ocrx_word' id='word_1_21' title='bbox 181 810 234 879; x_wconf 85' lang='grc' dir='ltr'><strong>καί</strong></span> <span class='ocrx_word' id='word_1_22' title='bbox 248 814 266 888; x_wconf 77' lang='grc' dir='ltr'><em>ἡ</em></span> <span class='ocrx_word' id='word_1_23' title='bbox 279 809 406 892; x_wconf 88' lang='grc' dir='ltr'><strong><em>πιίτριος</em></strong></span> <span class='ocrx_word' id='word_1_24' title='bbox 415 814 469 875; x_wconf 80' lang='grc' dir='ltr'><strong>τοῦ</strong></span> <span class='ocrx_word' id='word_1_25' title='bbox 489 806 601 882; x_wconf 86' lang='grc' dir='ltr'><strong><em>ι’ίστεος</em></strong></span> <span class='ocrx_word' id='word_1_26' title='bbox 621 808 756 890; x_wconf 88' lang='grc' dir='ltr'><strong><em>ίστυρία,</em></strong></span> <span class='ocrx_word' id='word_1_27' title='bbox 782 810 843 890; x_wconf 78' lang='grc' dir='ltr'><strong>οὐχ</strong></span> <span class='ocrx_word' id='word_1_28' title='bbox 856 808 970 887; x_wconf 71' lang='grc' dir='ltr'><strong><em>ἥκιστα</em></strong></span> <span class='ocrx_word' id='word_1_29' title='bbox 981 807 1013 875; x_wconf 77' lang='grc' dir='ltr'><strong>δὲ</strong></span> <span class='ocrx_word' id='word_1_30' title='bbox 1023 808 1279 891; x_wconf 74' lang='grc' dir='ltr'><strong><em>τούπίγραμμα,</em></strong></span> 
     </span>
     <span class='ocr_line' id='line_1_5' title="bbox 181 926 1281 1014; baseline 0.003 -17"><span class='ocrx_word' id='word_1_31' title='bbox 181 928 269 1014; x_wconf 73' lang='grc' dir='ltr'><strong><em>ὅπερ</em></strong></span> <span class='ocrx_word' id='word_1_32' title='bbox 289 929 414 1009; x_wconf 73' lang='grc' dir='ltr'><strong><em>ἔμοιγε</em></strong></span> <span class='ocrx_word' id='word_1_33' title='bbox 433 930 560 995; x_wconf 76' lang='grc' dir='ltr'><strong><em>ἐκεῖσε</em></strong></span> <span class='ocrx_word' id='word_1_34' title='bbox 583 929 696 995; x_wconf 78' lang='grc' dir='ltr'><strong><em>ἐλθὼν</em></strong></span> <span class='ocrx_word' id='word_1_35' title='bbox 715 928 962 1010; x_wconf 70' lang='grc' dir='ltr'><strong><em>ἀνελεξάμην</em></strong></span> <span class='ocrx_word' id='word_1_36' title='bbox 978 967 1024 979; x_wconf 93' lang='lat'><em>-</em></span> <span class='ocrx_word' id='word_1_37' title='bbox 1040 926 1281 1012; x_wconf 75' lang='grc' dir='ltr'><strong><em>ἐνκεχιίρακται</em></strong></span> 
     </span>
     <span class='ocr_line' id='line_1_6' title="bbox 181 1047 1280 1144; baseline 0.002 -25"><span class='ocrx_word' id='word_1_38' title='bbox 181 1051 212 1119; x_wconf 80' lang='grc' dir='ltr'><strong>δὲ</strong></span> <span class='ocrx_word' id='word_1_39' title='bbox 224 1052 269 1119; x_wconf 85' lang='grc' dir='ltr'><strong>ἔτι</strong></span> <span class='ocrx_word' id='word_1_40' title='bbox 286 1052 323 1119; x_wconf 87' lang='grc' dir='ltr'><strong>τδ</strong></span> <span class='ocrx_word' id='word_1_41' title='bbox 342 1053 480 1132; x_wconf 71' lang='grc' dir='ltr'><strong><em>ἐλεγεῖον</em></strong></span> <span class='ocrx_word' id='word_1_42' title='bbox 495 1051 538 1133; x_wconf 77' lang='grc' dir='ltr'><strong>τῷ</strong></span> <span class='ocrx_word' id='word_1_43' title='bbox 557 1050 656 1133; x_wconf 78' lang='grc' dir='ltr'><strong>βαμῷ</strong></span> <span class='ocrx_word' id='word_1_44' title='bbox 677 1047 732 1117; x_wconf 75' lang='grc' dir='ltr'><strong>ὧδέ</strong></span> <span class='ocrx_word' id='word_1_45' title='bbox 749 1075 815 1126; x_wconf 80' lang='grc' dir='ltr'><strong>πως</strong></span> <span class='ocrx_word' id='word_1_46' title='bbox 835 1050 932 1134; x_wconf 78' lang='grc' dir='ltr'><strong><em>ἔχον,</em></strong></span> <span class='ocrx_word' id='word_1_47' title='bbox 957 1074 990 1123; x_wconf 86' lang='grc' dir='ltr'><strong>ι.</strong></span> <span class='ocrx_word' id='word_1_48' title='bbox 1008 1057 1095 1144; x_wconf 79' lang='lat' dir='ltr'><strong>App.</strong></span> <span class='ocrx_word' id='word_1_49' title='bbox 1120 1053 1183 1142; x_wconf 78' lang='lat' dir='ltr'><strong>Ep.</strong></span> <span class='ocrx_word' id='word_1_50' title='bbox 1201 1056 1280 1121; x_wconf 80' lang='lat'><strong>222.-</strong></span> 
     </span>
     <span class='ocr_line' id='line_1_7' title="bbox 180 1172 1280 1264; baseline -0.001 -24"><span class='ocrx_word' id='word_1_51' title='bbox 180 1186 214 1240; x_wconf 83' lang='lat' dir='ltr'><strong>et</strong></span> <span class='ocrx_word' id='word_1_52' title='bbox 236 1173 292 1254; x_wconf 89' lang='lat'><strong>11,</strong></span> <span class='ocrx_word' id='word_1_53' title='bbox 319 1176 373 1242; x_wconf 88' lang='lat' dir='ltr'><strong>to.</strong></span> <span class='ocrx_word' id='word_1_54' title='bbox 405 1196 440 1264; x_wconf 88' lang='lat' dir='ltr'><strong>p.</strong></span> <span class='ocrx_word' id='word_1_55' title='bbox 461 1176 517 1240; x_wconf 84' lang='grc'><strong>87.</strong></span> <span class='ocrx_word' id='word_1_56' title='bbox 545 1175 596 1240; x_wconf 92' lang='grc'><strong>10.</strong></span> <span class='ocrx_word' id='word_1_57' title='bbox 630 1172 713 1252; x_wconf 80' lang='grc' dir='ltr'><strong><em>ἐμοί</em></strong></span> <span class='ocrx_word' id='word_1_58' title='bbox 738 1172 775 1239; x_wconf 92' lang='grc' dir='ltr'><strong>δε’</strong></span> <span class='ocrx_word' id='word_1_59' title='bbox 798 1198 857 1247; x_wconf 82' lang='grc' dir='ltr'><strong>τις</strong></span> <span class='ocrx_word' id='word_1_60' title='bbox 887 1180 958 1239; x_wconf 79' lang='grc' dir='ltr'><strong>τῶν</strong></span> <span class='ocrx_word' id='word_1_61' title='bbox 980 1174 1193 1256; x_wconf 73' lang='grc' dir='ltr'><strong><em>ἐπιχωρίων</em></strong></span> <span class='ocrx_word' id='word_1_62' title='bbox 1216 1174 1280 1241; x_wconf 81' lang='grc' dir='ltr'><strong>καί</strong></span> 
     </span>
     <span class='ocr_line' id='line_1_8' title="bbox 180 1291 1280 1376; baseline 0.002 -16"><span class='ocrx_word' id='word_1_63' title='bbox 180 1291 357 1374; x_wconf 74' lang='grc' dir='ltr'><strong>ἐλεγεῖόν</strong></span> <span class='ocrx_word' id='word_1_64' title='bbox 380 1316 416 1359; x_wconf 92' lang='grc' dir='ltr'><strong>τι</strong></span> <span class='ocrx_word' id='word_1_65' title='bbox 440 1291 513 1375; x_wconf 78' lang='grc' dir='ltr'><strong>ἔφη</strong></span> <span class='ocrx_word' id='word_1_66' title='bbox 537 1292 574 1366; x_wconf 82' lang='grc' dir='ltr'><strong>ἐς</strong></span> <span class='ocrx_word' id='word_1_67' title='bbox 598 1292 733 1375; x_wconf 86' lang='grc' dir='ltr'><strong><em>κύρβιν</em></strong></span> <span class='ocrx_word' id='word_1_68' title='bbox 760 1293 846 1360; x_wconf 78' lang='grc' dir='ltr'><strong><em>τινα</em></strong></span> <span class='ocrx_word' id='word_1_69' title='bbox 869 1294 1015 1370; x_wconf 76' lang='grc' dir='ltr'><strong><em>λιίίνην</em></strong></span> <span class='ocrx_word' id='word_1_70' title='bbox 1039 1291 1111 1361; x_wconf 72' lang='lat' dir='ltr'><strong>ont</strong></span> <span class='ocrx_word' id='word_1_71' title='bbox 1132 1318 1197 1362; x_wconf 89' lang='grc' dir='ltr'><strong>που</strong></span> <span class='ocrx_word' id='word_1_72' title='bbox 1219 1318 1280 1376; x_wconf 81' lang='grc' dir='ltr'><strong>γε·</strong></span> 
     </span>
     <span class='ocr_line' id='line_1_9' title="bbox 179 1413 1281 1500; baseline 0.002 -19"><span class='ocrx_word' id='word_1_73' title='bbox 179 1415 352 1500; x_wconf 79' lang='grc' dir='ltr'><strong><em>γροίφίαι</em></strong></span> <span class='ocrx_word' id='word_1_74' title='bbox 374 1416 463 1498; x_wconf 72' lang='grc' dir='ltr'><strong>ἀμφὶ</strong></span> <span class='ocrx_word' id='word_1_75' title='bbox 484 1415 545 1488; x_wconf 76' lang='grc' dir='ltr'><strong>τὰς</strong></span> <span class='ocrx_word' id='word_1_76' title='bbox 566 1414 666 1495; x_wconf 81' lang='grc' dir='ltr'><strong><em>σ’χίίις</em></strong></span> <span class='ocrx_word' id='word_1_77' title='bbox 684 1419 739 1481; x_wconf 79' lang='grc' dir='ltr'><strong>τοῦ</strong></span> <span class='ocrx_word' id='word_1_78' title='bbox 760 1421 905 1494; x_wconf 79' lang='grc' dir='ltr'><strong><em>ποταμοῦ</em></strong></span> <span class='ocrx_word' id='word_1_79' title='bbox 928 1414 1110 1499; x_wconf 74' lang='grc' dir='ltr'><strong><em>ἱδρυμένην,</em></strong></span> <span class='ocrx_word' id='word_1_80' title='bbox 1136 1413 1191 1482; x_wconf 64' lang='lat' dir='ltr'><strong>titt</strong></span> <span class='ocrx_word' id='word_1_81' title='bbox 1215 1440 1281 1492; x_wconf 84' lang='grc' dir='ltr'><strong><em>ποις</em></strong></span> 
     </span>
     <span class='ocr_line' id='line_1_10' title="bbox 180 1535 1281 1630; baseline 0.003 -27"><span class='ocrx_word' id='word_1_82' title='bbox 180 1535 275 1618; x_wconf 78' lang='grc' dir='ltr'><strong><em>ἔχον,</em></strong></span> <span class='ocrx_word' id='word_1_83' title='bbox 312 1539 398 1626; x_wconf 73' lang='lat' dir='ltr'><strong>App.</strong></span> <span class='ocrx_word' id='word_1_84' title='bbox 434 1539 496 1627; x_wconf 72' lang='lat' dir='ltr'><strong>cp.</strong></span> <span class='ocrx_word' id='word_1_85' title='bbox 518 1539 595 1603; x_wconf 85' lang='grc'><strong>312.</strong></span> <span class='ocrx_word' id='word_1_86' title='bbox 645 1536 704 1603; x_wconf 82' lang='lat' dir='ltr'><strong>IIie</strong></span> <span class='ocrx_word' id='word_1_87' title='bbox 737 1536 887 1603; x_wconf 83' lang='lat' dir='ltr'><strong>omnibus</strong></span> <span class='ocrx_word' id='word_1_88' title='bbox 922 1536 1120 1629; x_wconf 84' lang='lat' dir='ltr'><strong>adscriptum</strong></span> <span class='ocrx_word' id='word_1_89' title='bbox 1150 1551 1231 1630; x_wconf 87' lang='lat' dir='ltr'><strong>puto</strong></span> <span class='ocrx_word' id='word_1_90' title='bbox 1262 1562 1281 1605; x_wconf 83' lang='lat' dir='ltr'><strong>a</strong></span> 
     </span>
     <span class='ocr_line' id='line_1_11' title="bbox 181 1656 1282 1749; baseline 0 -24"><span class='ocrx_word' id='word_1_91' title='bbox 181 1657 367 1747; x_wconf 77' lang='lat' dir='ltr'><strong>Meleagro,</strong></span> <span class='ocrx_word' id='word_1_92' title='bbox 392 1656 477 1749; x_wconf 87' lang='lat' dir='ltr'><strong>quod</strong></span> <span class='ocrx_word' id='word_1_93' title='bbox 500 1659 538 1723; x_wconf 91' lang='lat' dir='ltr'><strong>ad</strong></span> <span class='ocrx_word' id='word_1_94' title='bbox 571 1656 735 1725; x_wconf 78' lang='lat' dir='ltr'><strong>Theocriti</strong></span> <span class='ocrx_word' id='word_1_95' title='bbox 764 1659 959 1749; x_wconf 81' lang='lat' dir='ltr'><strong>epigramma</strong></span> <span class='ocrx_word' id='word_1_96' title='bbox 978 1659 1046 1735; x_wconf 84' lang='lat' dir='ltr'><strong>IX,</strong></span> <span class='ocrx_word' id='word_1_97' title='bbox 1073 1664 1151 1728; x_wconf 87' lang='grc'><strong>435.</strong></span> <span class='ocrx_word' id='word_1_98' title='bbox 1176 1661 1282 1727; x_wconf 89' lang='lat' dir='ltr'><strong>io&#39;co·</strong></span> 
     </span>
     <span class='ocr_line' id='line_1_12' title="bbox 101 1778 1282 1868; baseline 0.002 -23"><span class='ocrx_word' id='word_1_99' title='bbox 101 1846 106 1857; x_wconf 78' lang='grc'><em>,</em></span> <span class='ocrx_word' id='word_1_100' title='bbox 181 1778 260 1845; x_wconf 86' lang='lat' dir='ltr'><strong>dicis</strong></span> <span class='ocrx_word' id='word_1_101' title='bbox 292 1780 434 1868; x_wconf 76' lang='lat' dir='ltr'>margine</span> <span class='ocrx_word' id='word_1_102' title='bbox 460 1778 646 1845; x_wconf 86' lang='lat' dir='ltr'><strong>adnotatum</strong></span> <span class='ocrx_word' id='word_1_103' title='bbox 671 1780 811 1868; x_wconf 77' lang='lat' dir='ltr'><strong>legitur:</strong></span> <span class='ocrx_word' id='word_1_104' title='bbox 845 1786 953 1847; x_wconf 79' lang='grc' dir='ltr'><strong><em>ταῦτα</em></strong></span> <span class='ocrx_word' id='word_1_105' title='bbox 971 1780 1016 1846; x_wconf 71' lang='grc' dir='ltr'><strong>τοὶ</strong></span> <span class='ocrx_word' id='word_1_106' title='bbox 1046 1778 1282 1863; x_wconf 68' lang='grc' dir='ltr'><strong><em>ἐπιγράμματα</em></strong></span> 
     </span>
     <span class='ocr_line' id='line_1_13' title="bbox 180 1899 1280 1992; baseline 0.005 -26"><span class='ocrx_word' id='word_1_107' title='bbox 180 1901 212 1966; x_wconf 81' lang='grc' dir='ltr'><strong>ἐν</strong></span> <span class='ocrx_word' id='word_1_108' title='bbox 236 1901 448 1985; x_wconf 70' lang='grc' dir='ltr'><strong>Συρακούσαις</strong></span> <span class='ocrx_word' id='word_1_109' title='bbox 464 1899 663 1984; x_wconf 65' lang='grc' dir='ltr'><strong><em>ἐγράφησαν.</em></strong></span> <span class='ocrx_word' id='word_1_110' title='bbox 699 1901 824 1967; x_wconf 86' lang='lat' dir='ltr'><strong>Horum</strong></span> <span class='ocrx_word' id='word_1_111' title='bbox 848 1923 948 1968; x_wconf 88' lang='lat' dir='ltr'><strong>coum</strong></span> <span class='ocrx_word' id='word_1_112' title='bbox 968 1925 1128 1992; x_wconf 87' lang='lat' dir='ltr'><strong>apponam</strong></span> <span class='ocrx_word' id='word_1_113' title='bbox 1152 1925 1182 1971; x_wconf 90' lang='lat' dir='ltr'><strong>c.</strong></span> <span class='ocrx_word' id='word_1_114' title='bbox 1204 1906 1280 1971; x_wconf 84' lang='grc'><strong>436.</strong></span> 
     </span>
     <span class='ocr_line' id='line_1_14' title="bbox 272 2022 1004 2105; baseline -0.001 -16"><span class='ocrx_word' id='word_1_115' title='bbox 272 2024 414 2105; x_wconf 80' lang='grc' dir='ltr'><strong><em>Ἀρχαῖα</em></strong></span> <span class='ocrx_word' id='word_1_116' title='bbox 436 2022 638 2098; x_wconf 80' lang='grc' dir='ltr'><strong><em>τῶπίλλιονος</em></strong></span> <span class='ocrx_word' id='word_1_117' title='bbox 660 2023 874 2102; x_wconf 79' lang='grc' dir='ltr'><strong><em>τιίναίνίματα</em></strong></span> <span class='ocrx_word' id='word_1_118' title='bbox 897 2027 1004 2089; x_wconf 78' lang='grc' dir='ltr'><strong><em>ταῦτα</em></strong></span> 
     </span>
     <span class='ocr_line' id='line_1_15' title="bbox 361 2114 1153 2226; baseline 0 -17"><span class='ocrx_word' id='word_1_119' title='bbox 361 2146 521 2226; x_wconf 74' lang='grc' dir='ltr'><strong><em>ὑπῆρχεν·</em></strong></span> <span class='ocrx_word' id='word_1_120' title='bbox 544 2142 682 2224; x_wconf 74' lang='grc' dir='ltr'><strong><em>ἧβασις</em></strong></span> <span class='ocrx_word' id='word_1_121' title='bbox 704 2143 737 2209; x_wconf 78' lang='grc' dir='ltr'><strong>δὲ</strong></span> <span class='ocrx_word' id='word_1_122' title='bbox 756 2150 819 2219; x_wconf 81' lang='grc' dir='ltr'><strong><em>τοῖς</em></strong></span> <span class='ocrx_word' id='word_1_123' title='bbox 841 2143 899 2223; x_wconf 77' lang='grc' dir='ltr'><strong>μὲν</strong></span> <span class='ocrx_word' id='word_1_124' title='bbox 921 2143 1017 2209; x_wconf 86' lang='grc' dir='ltr'><strong><em>είκοσι</em></strong></span> <span class='ocrx_word' id='word_1_125' title='bbox 1136 2114 1153 2153; x_wconf 67' lang='lat'><em>⁰</em></span> 
     </span>
     <span class='ocr_line' id='line_1_16' title="bbox 361 2263 1177 2341; baseline 0 -10"><span class='ocrx_word' id='word_1_126' title='bbox 361 2273 426 2340; x_wconf 83' lang='grc' dir='ltr'><strong><em>τοῖς</em></strong></span> <span class='ocrx_word' id='word_1_127' title='bbox 449 2264 475 2330; x_wconf 86' lang='grc' dir='ltr'><strong>δ’</strong></span> <span class='ocrx_word' id='word_1_128' title='bbox 496 2263 600 2341; x_wconf 75' lang='grc' dir='ltr'><strong><em>ἑπτα,</em></strong></span> <span class='ocrx_word' id='word_1_129' title='bbox 623 2270 688 2339; x_wconf 85' lang='grc' dir='ltr'><strong><em>τοίς</em></strong></span> <span class='ocrx_word' id='word_1_130' title='bbox 708 2263 741 2331; x_wconf 73' lang='grc' dir='ltr'><strong>δὲ</strong></span> <span class='ocrx_word' id='word_1_131' title='bbox 762 2264 874 2341; x_wconf 71' lang='grc' dir='ltr'><strong><em>πέντε,</em></strong></span> <span class='ocrx_word' id='word_1_132' title='bbox 899 2272 963 2339; x_wconf 77' lang='grc' dir='ltr'><strong><em>τοῖς</em></strong></span> <span class='ocrx_word' id='word_1_133' title='bbox 987 2265 1019 2331; x_wconf 73' lang='grc' dir='ltr'><strong>δὲ</strong></span> <span class='ocrx_word' id='word_1_134' title='bbox 1038 2263 1177 2341; x_wconf 76' lang='grc' dir='ltr'><strong><em>δώδεκα,</em></strong></span> 
     </span>
     <span class='ocr_line' id='line_1_17' title="bbox 272 2382 986 2466; baseline 0 -17"><span class='ocrx_word' id='word_1_135' title='bbox 272 2390 335 2459; x_wconf 82' lang='grc' dir='ltr'><strong><em>τοῖς</em></strong></span> <span class='ocrx_word' id='word_1_136' title='bbox 354 2385 387 2450; x_wconf 81' lang='grc' dir='ltr'><strong>δὲ</strong></span> <span class='ocrx_word' id='word_1_137' title='bbox 409 2384 583 2459; x_wconf 69' lang='grc' dir='ltr'><strong><em>διηκοσίοισι</em></strong></span> <span class='ocrx_word' id='word_1_138' title='bbox 602 2382 730 2466; x_wconf 78' lang='grc' dir='ltr'><strong><em>νευτίρη</em></strong></span> <span class='ocrx_word' id='word_1_139' title='bbox 750 2384 795 2462; x_wconf 74' lang='grc' dir='ltr'><strong>ἥδ’</strong></span> <span class='ocrx_word' id='word_1_140' title='bbox 815 2385 986 2458; x_wconf 77' lang='grc' dir='ltr'><strong><em>ἐνιαυτοῖς·</em></strong></span> 
     </span>
     <span class='ocr_line' id='line_1_18' title="bbox 363 2502 1109 2585; baseline 0 -16"><span class='ocrx_word' id='word_1_141' title='bbox 363 2503 506 2578; x_wconf 84' lang='grc' dir='ltr'><strong><em>τοσσίςδε</em></strong></span> <span class='ocrx_word' id='word_1_142' title='bbox 528 2504 593 2585; x_wconf 63' lang='lat' dir='ltr'><strong>qen</strong></span> <span class='ocrx_word' id='word_1_143' title='bbox 616 2527 660 2569; x_wconf 92' lang='grc' dir='ltr'><strong>νιν</strong></span> <span class='ocrx_word' id='word_1_144' title='bbox 682 2502 778 2582; x_wconf 73' lang='grc' dir='ltr'><strong><em>ἐξέβη</em></strong></span> <span class='ocrx_word' id='word_1_145' title='bbox 801 2503 1006 2585; x_wconf 79' lang='grc' dir='ltr'><strong><em>μετρούμενος</em></strong></span> <span class='ocrx_word' id='word_1_146' title='bbox 1009 2552 1109 2569; x_wconf 92' lang='grc'><strong>.....</strong></span> 
     </span>
     <span class='ocr_line' id='line_1_19' title="bbox 183 2620 1279 2713; baseline -0.001 -21"><span class='ocrx_word' id='word_1_147' title='bbox 183 2626 220 2692; x_wconf 93' lang='lat' dir='ltr'><strong>In</strong></span> <span class='ocrx_word' id='word_1_148' title='bbox 235 2624 326 2691; x_wconf 82' lang='lat' dir='ltr'><strong>cuius</strong></span> <span class='ocrx_word' id='word_1_149' title='bbox 344 2624 409 2691; x_wconf 85' lang='lat' dir='ltr'><strong>fine</strong></span> <span class='ocrx_word' id='word_1_150' title='bbox 428 2624 520 2691; x_wconf 82' lang='lat' dir='ltr'><strong>decet</strong></span> <span class='ocrx_word' id='word_1_151' title='bbox 542 2646 624 2690; x_wconf 75' lang='lat' dir='ltr'><strong>onor</strong></span> <span class='ocrx_word' id='word_1_152' title='bbox 637 2642 770 2703; x_wconf 76' lang='lat' dir='ltr'><strong>vercor,</strong></span> <span class='ocrx_word' id='word_1_153' title='bbox 795 2624 827 2688; x_wconf 91' lang='lat' dir='ltr'><strong>in</strong></span> <span class='ocrx_word' id='word_1_154' title='bbox 849 2644 914 2713; x_wconf 87' lang='lat' dir='ltr'><strong>quo</strong></span> <span class='ocrx_word' id='word_1_155' title='bbox 929 2620 1037 2706; x_wconf 76' lang='grc' dir='ltr'><strong><em>χρίνος</em></strong></span> <span class='ocrx_word' id='word_1_156' title='bbox 1057 2623 1177 2692; x_wconf 87' lang='lat' dir='ltr'><strong>lectum</strong></span> <span class='ocrx_word' id='word_1_157' title='bbox 1200 2624 1279 2704; x_wconf 77' lang='lat' dir='ltr'><strong>fuir,</strong></span> 
     </span>
     <span class='ocr_line' id='line_1_20' title="bbox 183 2742 1281 2836; baseline 0.001 -25"><span class='ocrx_word' id='word_1_158' title='bbox 183 2768 248 2836; x_wconf 88' lang='lat' dir='ltr'><strong>quo</strong></span> <span class='ocrx_word' id='word_1_159' title='bbox 260 2748 417 2812; x_wconf 85' lang='lat' dir='ltr'><strong>sententia</strong></span> <span class='ocrx_word' id='word_1_160' title='bbox 436 2745 582 2816; x_wconf 74' lang='lat' dir='ltr'><strong>absoluto</strong></span> <span class='ocrx_word' id='word_1_161' title='bbox 606 2757 687 2815; x_wconf 88' lang='lat' dir='ltr'><strong>erat.</strong></span> <span class='ocrx_word' id='word_1_162' title='bbox 712 2745 754 2812; x_wconf 75' lang='lat' dir='ltr'><strong>m</strong></span> <span class='ocrx_word' id='word_1_163' title='bbox 767 2742 897 2835; x_wconf 87' lang='lat' dir='ltr'><strong>quidem</strong></span> <span class='ocrx_word' id='word_1_164' title='bbox 915 2767 1024 2812; x_wconf 76' lang='lat' dir='ltr'><strong>cerrus</strong></span> <span class='ocrx_word' id='word_1_165' title='bbox 1043 2745 1218 2825; x_wconf 78' lang='lat' dir='ltr'><strong>iambicus,</strong></span> <span class='ocrx_word' id='word_1_166' title='bbox 1244 2760 1281 2812; x_wconf 90' lang='lat' dir='ltr'><strong>ot</strong></span> 
     </span>
     <span class='ocr_line' id='line_1_21' title="bbox 183 2858 1281 2957; baseline 0.004 -26"><span class='ocrx_word' id='word_1_167' title='bbox 183 2869 216 2932; x_wconf 89' lang='lat' dir='ltr'><strong>in</strong></span> <span class='ocrx_word' id='word_1_168' title='bbox 237 2867 469 2955; x_wconf 76' lang='lat' dir='ltr'><strong>epigrammate</strong></span> <span class='ocrx_word' id='word_1_169' title='bbox 492 2860 533 2934; x_wconf 72' lang='grc'><strong>’4.</strong></span> <span class='ocrx_word' id='word_1_170' title='bbox 545 2868 582 2934; x_wconf 86' lang='grc' dir='ltr'><strong>Ρ.</strong></span> <span class='ocrx_word' id='word_1_171' title='bbox 596 2865 682 2945; x_wconf 82' lang='lat' dir='ltr'><strong>VII,</strong></span> <span class='ocrx_word' id='word_1_172' title='bbox 708 2868 775 2931; x_wconf 87' lang='grc'><strong>664</strong></span> <span class='ocrx_word' id='word_1_173' title='bbox 798 2863 939 2955; x_wconf 77' lang='lat' dir='ltr'><strong>singulos</strong></span> <span class='ocrx_word' id='word_1_174' title='bbox 960 2858 1281 2957; x_wconf 68' lang='lat' dir='ltr'><strong>rcreuslogaoeiiicos</strong></span> 
     </span>
     <span class='ocr_line' id='line_1_22' title="bbox 182 2985 1280 3078; baseline 0.002 -25"><span class='ocrx_word' id='word_1_175' title='bbox 182 2987 344 3078; x_wconf 78' lang='lat' dir='ltr'><strong>excipiunt</strong></span> <span class='ocrx_word' id='word_1_176' title='bbox 365 2987 433 3053; x_wconf 87' lang='lat' dir='ltr'><strong>bini</strong></span> <span class='ocrx_word' id='word_1_177' title='bbox 456 2988 572 3053; x_wconf 81' lang='lat' dir='ltr'><strong>senarii</strong></span> <span class='ocrx_word' id='word_1_178' title='bbox 601 2987 731 3053; x_wconf 80' lang='lat' dir='ltr'><strong>iambIci</strong></span> <span class='ocrx_word' id='word_1_179' title='bbox 757 2985 953 3055; x_wconf 71' lang='lat' dir='ltr'><strong>catalectici.</strong></span> <span class='ocrx_word' id='word_1_180' title='bbox 999 2986 1044 3059; x_wconf 88' lang='lat' dir='ltr'><strong>Ut</strong></span> <span class='ocrx_word' id='word_1_181' title='bbox 1067 3010 1105 3053; x_wconf 86' lang='lat' dir='ltr'><strong>cx</strong></span> <span class='ocrx_word' id='word_1_182' title='bbox 1124 2987 1280 3078; x_wconf 77' lang='lat' dir='ltr'><strong>Orioago-</strong></span> 
     </span>
     <span class='ocr_line' id='line_1_23' title="bbox 182 3105 1280 3200; baseline 0.002 -27"><span class='ocrx_word' id='word_1_183' title='bbox 182 3132 235 3174; x_wconf 89' lang='lat' dir='ltr'><strong>rae</strong></span> <span class='ocrx_word' id='word_1_184' title='bbox 258 3112 488 3200; x_wconf 74' lang='lat' dir='ltr'><strong>epigrammate,</strong></span> <span class='ocrx_word' id='word_1_185' title='bbox 508 3110 549 3177; x_wconf 79' lang='grc' dir='ltr'><strong>Δ.</strong></span> <span class='ocrx_word' id='word_1_186' title='bbox 569 3109 605 3177; x_wconf 89' lang='lat' dir='ltr'><strong>P.</strong></span> <span class='ocrx_word' id='word_1_187' title='bbox 626 3108 698 3186; x_wconf 81' lang='lat' dir='ltr'><strong>lx,</strong></span> <span class='ocrx_word' id='word_1_188' title='bbox 722 3110 802 3175; x_wconf 86' lang='lat'><strong>239.</strong></span> <span class='ocrx_word' id='word_1_189' title='bbox 828 3106 885 3171; x_wconf 83' lang='lat' dir='ltr'><strong>ubi</strong></span> <span class='ocrx_word' id='word_1_190' title='bbox 903 3105 970 3173; x_wconf 85' lang='lat' dir='ltr'><strong>duo</strong></span> <span class='ocrx_word' id='word_1_191' title='bbox 988 3106 1125 3173; x_wconf 75' lang='lat' dir='ltr'><strong>disticha</strong></span> <span class='ocrx_word' id='word_1_192' title='bbox 1139 3109 1280 3199; x_wconf 78' lang='lat' dir='ltr'><strong>elegiaca</strong></span> 
     </span>
     <span class='ocr_line' id='line_1_24' title="bbox 180 3228 1281 3298; baseline -0.002 -2"><span class='ocrx_word' id='word_1_193' title='bbox 180 3232 323 3298; x_wconf 77' lang='lat' dir='ltr'><strong>seiuncta</strong></span> <span class='ocrx_word' id='word_1_194' title='bbox 344 3245 418 3298; x_wconf 81' lang='lat' dir='ltr'><strong>sunt</strong></span> <span class='ocrx_word' id='word_1_195' title='bbox 441 3230 568 3297; x_wconf 80' lang='lat' dir='ltr'><strong>duobos</strong></span> <span class='ocrx_word' id='word_1_196' title='bbox 597 3228 740 3296; x_wconf 77' lang='lat' dir='ltr'><strong>retribuo</strong></span> <span class='ocrx_word' id='word_1_197' title='bbox 774 3228 922 3293; x_wconf 78' lang='lat' dir='ltr'><strong>iambicis</strong></span> <span class='ocrx_word' id='word_1_198' title='bbox 950 3228 1127 3294; x_wconf 79' lang='lat' dir='ltr'><strong>interiectio</strong></span> <span class='ocrx_word' id='word_1_199' title='bbox 1157 3229 1281 3297; x_wconf 79' lang='lat' dir='ltr'><strong>inteili-</strong></span> 
     </span>
     <span class='ocr_line' id='line_1_25' title="bbox 180 3347 1278 3439; baseline 0.004 -22"><span class='ocrx_word' id='word_1_200' title='bbox 180 3353 322 3439; x_wconf 70' lang='lat' dir='ltr'><strong>pitorio</strong></span> <span class='ocrx_word' id='word_1_201' title='bbox 354 3353 419 3417; x_wconf 84' lang='lat' dir='ltr'><strong>fine</strong></span> <span class='ocrx_word' id='word_1_202' title='bbox 442 3350 587 3416; x_wconf 85' lang='lat' dir='ltr'><strong>mutilam</strong></span> <span class='ocrx_word' id='word_1_203' title='bbox 611 3371 678 3415; x_wconf 81' lang='lat' dir='ltr'><strong>esso</strong></span> <span class='ocrx_word' id='word_1_204' title='bbox 701 3348 945 3438; x_wconf 75' lang='lat' dir='ltr'><strong>inscriptionem</strong></span> <span class='ocrx_word' id='word_1_205' title='bbox 974 3347 1148 3417; x_wconf 72' lang='lat' dir='ltr'><strong>Simonidis</strong></span> <span class='ocrx_word' id='word_1_206' title='bbox 1180 3352 1220 3421; x_wconf 77' lang='grc' dir='ltr'><strong>Α.</strong></span> <span class='ocrx_word' id='word_1_207' title='bbox 1242 3352 1278 3421; x_wconf 83' lang='grc' dir='ltr'><strong>Ρ.</strong></span> 
     </span>
     <span class='ocr_line' id='line_1_26' title="bbox 184 3472 364 3548; baseline -0.011 -9"><span class='ocrx_word' id='word_1_208' title='bbox 184 3472 282 3548; x_wconf 84' lang='lat' dir='ltr'><strong>XIII,</strong></span> <span class='ocrx_word' id='word_1_209' title='bbox 311 3477 364 3538; x_wconf 90' lang='grc'><strong>14.</strong></span> 
     </span>
     <span class='ocr_line' id='line_1_27' title="bbox 273 3587 1054 3674; baseline -0.001 -16"><span class='ocrx_word' id='word_1_210' title='bbox 273 3596 413 3674; x_wconf 73' lang='grc' dir='ltr'><strong><em>Ἀργεῖος</em></strong></span> <span class='ocrx_word' id='word_1_211' title='bbox 437 3588 560 3664; x_wconf 83' lang='grc' dir='ltr'><strong><em>Διίνδης</em></strong></span> <span class='ocrx_word' id='word_1_212' title='bbox 584 3587 799 3671; x_wconf 75' lang='grc' dir='ltr'><strong><em>σταδιοδρόμος</em></strong></span> <span class='ocrx_word' id='word_1_213' title='bbox 821 3590 928 3657; x_wconf 63' lang='lat' dir='ltr'><strong>enteca</strong></span> <span class='ocrx_word' id='word_1_214' title='bbox 951 3597 1054 3657; x_wconf 83' lang='grc' dir='ltr'><strong><em>κεῖται</em></strong></span> 
     </span>
     <span class='ocr_line' id='line_1_28' title="bbox 366 3708 1058 3793; baseline 0.001 -18"><span class='ocrx_word' id='word_1_215' title='bbox 366 3711 462 3785; x_wconf 88' lang='grc' dir='ltr'><strong><em>νίκαις</em></strong></span> <span class='ocrx_word' id='word_1_216' title='bbox 486 3708 658 3789; x_wconf 79' lang='grc' dir='ltr'><strong><em>ἱππόβοτον</em></strong></span> <span class='ocrx_word' id='word_1_217' title='bbox 681 3710 805 3793; x_wconf 83' lang='grc' dir='ltr'><strong><em>πατριδ’</em></strong></span> <span class='ocrx_word' id='word_1_218' title='bbox 827 3710 1058 3786; x_wconf 80' lang='grc' dir='ltr'><strong><em>ἐπευκλεΐσας,</em></strong></span> 
     </span>
     <span class='ocr_line' id='line_1_29' title="bbox 432 3832 1012 3916; baseline 0.003 -19"><span class='ocrx_word' id='word_1_219' title='bbox 432 3834 600 3916; x_wconf 78' lang='grc' dir='ltr'><strong><em>Ὀλυμπία</em></strong></span> <span class='ocrx_word' id='word_1_220' title='bbox 621 3832 666 3907; x_wconf 81' lang='grc' dir='ltr'><strong>δίς</strong></span> <span class='ocrx_word' id='word_1_221' title='bbox 686 3834 718 3898; x_wconf 84' lang='grc' dir='ltr'><strong>ἐν</strong></span> <span class='ocrx_word' id='word_1_222' title='bbox 737 3832 769 3898; x_wconf 80' lang='grc' dir='ltr'><strong>δὲ</strong></span> <span class='ocrx_word' id='word_1_223' title='bbox 789 3834 904 3901; x_wconf 78' lang='grc' dir='ltr'><strong><em>Πυίῶνι</em></strong></span> <span class='ocrx_word' id='word_1_224' title='bbox 924 3834 1012 3916; x_wconf 88' lang='grc' dir='ltr'><strong><em>τρία,</em></strong></span> 
     </span>
     <span class='ocr_line' id='line_1_30' title="bbox 432 3944 1143 4038; baseline 0.004 -20"><span class='ocrx_word' id='word_1_225' title='bbox 432 3952 491 4019; x_wconf 70' lang='lat' dir='ltr'><strong>tto</strong></span> <span class='ocrx_word' id='word_1_226' title='bbox 510 3952 537 4018; x_wconf 89' lang='grc' dir='ltr'><strong>δ’</strong></span> <span class='ocrx_word' id='word_1_227' title='bbox 556 3954 588 4019; x_wconf 80' lang='grc' dir='ltr'><strong>ἐν</strong></span> <span class='ocrx_word' id='word_1_228' title='bbox 609 3944 740 4037; x_wconf 60' lang='grc' dir='ltr'><strong><em>Ἰσίμῷζ</em></strong></span> <span class='ocrx_word' id='word_1_229' title='bbox 765 3956 991 4024; x_wconf 84' lang='grc' dir='ltr'><strong><em>πεντεκαίδεκα</em></strong></span> <span class='ocrx_word' id='word_1_230' title='bbox 1014 3957 1143 4038; x_wconf 80' lang='grc' dir='ltr'><strong><em>Νεμέα·</em></strong></span> 
     </span>
     <span class='ocr_line' id='line_1_31' title="bbox 272 4073 1195 4161; baseline 0 -20"><span class='ocrx_word' id='word_1_231' title='bbox 272 4077 332 4150; x_wconf 74' lang='grc' dir='ltr'><strong><em>τοὶς</em></strong></span> <span class='ocrx_word' id='word_1_232' title='bbox 349 4075 375 4141; x_wconf 89' lang='grc' dir='ltr'><strong>δ’</strong></span> <span class='ocrx_word' id='word_1_233' title='bbox 395 4073 501 4147; x_wconf 74' lang='grc' dir='ltr'><strong><em>ἄλλας</em></strong></span> <span class='ocrx_word' id='word_1_234' title='bbox 522 4075 607 4147; x_wconf 83' lang='grc' dir='ltr'><strong><em>νίκας</em></strong></span> <span class='ocrx_word' id='word_1_235' title='bbox 630 4077 685 4141; x_wconf 82' lang='grc' dir='ltr'><strong>οὐκ</strong></span> <span class='ocrx_word' id='word_1_236' title='bbox 708 4077 839 4159; x_wconf 79' lang='grc' dir='ltr'><strong><em>εὐμαρές</em></strong></span> <span class='ocrx_word' id='word_1_237' title='bbox 861 4079 927 4145; x_wconf 83' lang='grc' dir='ltr'><strong>ἐστ’</strong></span> <span class='ocrx_word' id='word_1_238' title='bbox 946 4081 1123 4161; x_wconf 75' lang='grc' dir='ltr'><strong><em>αὶριίμησαι.</em></strong></span> <span class='ocrx_word' id='word_1_239' title='bbox 1142 4129 1148 4141; x_wconf 97' lang='grc'><strong>.</strong></span> <span class='ocrx_word' id='word_1_240' title='bbox 1164 4127 1195 4141; x_wconf 88' lang='grc'><strong>..</strong></span> 
     </span>
     <span class='ocr_line' id='line_1_32' title="bbox 184 4198 1277 4290; baseline 0.005 -26"><span class='ocrx_word' id='word_1_241' title='bbox 184 4198 390 4265; x_wconf 79' lang='lat' dir='ltr'><strong>Desideratur</strong></span> <span class='ocrx_word' id='word_1_242' title='bbox 413 4203 499 4263; x_wconf 73' lang='lat' dir='ltr'><strong>coito</strong></span> <span class='ocrx_word' id='word_1_243' title='bbox 532 4210 730 4283; x_wconf 83' lang='lat' dir='ltr'><strong>pentameter</strong></span> <span class='ocrx_word' id='word_1_244' title='bbox 761 4201 914 4275; x_wconf 81' lang='lat' dir='ltr'><strong>ultimus,</strong></span> <span class='ocrx_word' id='word_1_245' title='bbox 950 4224 1015 4290; x_wconf 84' lang='lat' dir='ltr'><strong>qno</strong></span> <span class='ocrx_word' id='word_1_246' title='bbox 1051 4202 1110 4266; x_wconf 84' lang='lat' dir='ltr'><strong>riri</strong></span> <span class='ocrx_word' id='word_1_247' title='bbox 1142 4215 1277 4269; x_wconf 83' lang='lat' dir='ltr'><strong>aetatem</strong></span> 
     </span>
     <span class='ocr_line' id='line_1_33' title="bbox 184 4320 1278 4412; baseline -0.001 -25"><span class='ocrx_word' id='word_1_248' title='bbox 184 4324 346 4412; x_wconf 73' lang='lat' dir='ltr'><strong>patriaque</strong></span> <span class='ocrx_word' id='word_1_249' title='bbox 374 4344 489 4387; x_wconf 84' lang='lat' dir='ltr'><strong>nornen</strong></span> <span class='ocrx_word' id='word_1_250' title='bbox 512 4320 692 4387; x_wconf 79' lang='lat' dir='ltr'><strong>enuntiasse</strong></span> <span class='ocrx_word' id='word_1_251' title='bbox 718 4335 844 4409; x_wconf 87' lang='lat' dir='ltr'><strong>poetam</strong></span> <span class='ocrx_word' id='word_1_252' title='bbox 876 4323 1066 4393; x_wconf 82' lang='lat' dir='ltr'><strong>rcrosImiie.</strong></span> <span class='ocrx_word' id='word_1_253' title='bbox 1115 4322 1278 4391; x_wconf 82' lang='lat' dir='ltr'><strong>Theocriti</strong></span> 
     </span>
    </p>
   </div>
   <div class='ocr_carea' id='block_1_4' title="bbox 0 0 1470 5108">
    <p class='ocr_par' dir='ltr' id='par_1_4' title="bbox 0 0 1470 5108">
     <span class='ocr_line' id='line_1_34' title="bbox 0 0 1470 5108; baseline 0 1"><span class='ocrx_word' id='word_1_254' title='bbox 0 0 1470 5108; x_wconf 95' lang='lat' dir='ltr'><strong> </strong></span> 
     </span>
    </p>
   </div>
  </div>
 </body>
</html>
