2932 5108
643 389 823 452 ..25-

191 579 240 647 lta
274 575 409 645 Alcaeus
439 575 612 643 Messenius
643 573 762 642 dicitur
793 575 807 639 ὅ
838 579 896 638 τῶν
919 569 1055 655 λοιδόρων
1079 571 1204 654 ἰάμβων
1227 572 1281 641 soal

190 696 440 781 ἐπιγραμμάτων
463 698 591 776 ποιητής
616 696 755 764 ΕιιιοΙιίο
777 697 891 786 Praep.
928 696 986 765 liv.
1010 694 1060 774 X,
1086 699 1119 764 2.
1167 696 1281 785 Neque

190 832 301 910 putem
333 818 527 908 Polybium,
559 819 616 909 qni
646 817 783 885 eundem
811 816 965 884 Alcaeum
995 812 1151 893 ἐπιδεξίως
1176 819 1280 884 σκώπ-

189 962 284 1006 acore
305 937 358 1005 sessi
378 935 630 1021 διοιχλενοὶζοντοι
656 936 739 1004 dixit
759 936 910 1016 xxxlt,
935 939 968 1004 6.
992 941 1025 1006 5.
1049 935 1201 1003 adverbio
1223 937 1300 1004 ad·'

189 1059 257 1127 dito
285 1059 442 1127 iudicasse
464 1070 591 1149 poetam
614 1057 773 1125 liberrimi
803 1059 867 1124 oris
888 1055 1143 1124 maledicentiam
1172 1061 1282 1125 couri·

188 1179 358 1272 ciendiquc
398 1180 562 1249 licentiam
608 1179 785 1247 lenioribus
820 1180 943 1246 facetiis
977 1192 1193 1270 temperasse,
1227 1179 1281 1248 sed

186 1322 259 1368 cum
282 1300 407 1392 lepidae
436 1302 630 1391 festivusque
657 1299 834 1367 dicacitatis
864 1299 958 1367 laude
981 1301 1080 1389 magis
1110 1301 1281 1368 coniuncte

187 1433 234 1490 est
253 1421 443 1501 ἐπιδεξιοτης
464 1443 560 1512 quarn
587 1419 671 1487 idem
693 1421 844 1510 Polybius
867 1419 986 1503 Sumo,
1013 1420 1129 1489 Alcaeo
1155 1420 1281 1511 aequali

186 1555 219 1610 et
238 1555 352 1634 poetae
371 1544 638 1633 epigrammatum
661 1539 775 1608 tribuit
793 1541 842 1620 V,
867 1544 900 1608 9.
925 1544 958 1610 4.
1005 1541 1092 1608 llaec
1112 1520 1188 1609 s'ero
1209 1540 1280 1607 lou·

186 1686 226 1752 qe
242 1663 365 1730 diverse
390 1685 408 1728 a
429 1661 618 1729 dexteritate
637 1660 835 1739 Simonidis.
859 1683 955 1752 quam
981 1661 1089 1729 laudat
1110 1663 1280 1729 Pausanias

186 1778 253 1860 Vl,
277 1786 311 1853 9.
336 1788 370 1851 3.
400 1780 499 1866 τούτῳ
520 1783 564 1864 τῷ
587 1782 699 1849 Φίλωνι
720 1782 891 1862 Σιμωνίδης
914 1782 929 1848 o‘
952 1780 1155 1866 Λεωπρέπους
1178 1781 1280 1862 deisol-

183 1925 280 1970 aarcs
298 1903 491 1987 delapsiones
510 1904 672 1979 ἐποίησεν·
977 1876 981 1897 l

273 2023 392 2107 Πατρὶς
411 2024 470 2105 μὲν
489 2022 645 2107 Κορκνροι,
671 2023 773 2092 Φίλων
788 2024 815 2090 δ’
831 2023 934 2105 ὄνομ’·
957 2025 1021 2106 εἰμὶ
1041 2025 1073 2093 δὲ
1093 2024 1236 2093 Γλαύκου

362 2144 425 2220 silc
445 2143 498 2210 κοιὶ
521 2149 592 2211 νικῶ
611 2142 676 2222 ab}
694 2143 741 2211 δύ’
760 2143 995 2227 Ὀλνμνιιοὶδοις.

184 2262 301 2333 llcrtre
321 2267 409 2333 enim
440 2275 535 2356 poeta
560 2262 701 2332 disticho
730 2262 871 2355 elegiaco
899 2265 1006 2333 omnis
1030 2265 1214 2356 complexus
1233 2279 1280 2333 est

183 2405 265 2475 quae
288 2386 321 2452 iu
341 2384 551 2474 inscriptione
574 2396 697 2451 statuae
715 2381 921 2450 memoranda
943 2398 1046 2454 erant.
1091 2384 1204 2474 Neque
1229 2385 1280 2451 ul·

184 2504 251 2571 lum
284 2504 368 2594 apud
396 2504 594 2592 antiquiores
618 2503 725 2570 iuraui
745 2503 928 2593 exemplum
959 2505 1026 2570 eius
1056 2505 1179 2593 generis
1208 2505 1279 2597 epi-

182 2637 394 2714 grammatum
415 2645 499 2715 quae
514 2623 556 2690 ab
577 2620 764 2713 aequalibus
793 2622 1043 2692 Atheniensibus
1073 2624 1192 2714 scripta
1212 2649 1279 2695 esse

184 2744 281 2813 tradit
311 2741 502 2813 Plutarchus
533 2743 697 2813 Demostlr.
732 2765 762 2811 c.
787 2747 842 2814 31.
870 2745 910 2819 ὥς
937 2743 999 2811 δ’ὁ
1025 2741 1179 2828 ἄνθρωπος
1198 2747 1277 2814 ἔποι-

182 2867 292 2934 sesses
320 2866 429 2948 ἀνεῦρε
460 2864 513 2932 sel
546 2862 660 2939 διεδόθη
691 2861 785 2943 λόγος
810 2863 885 2946 ὑπὲρ
914 2863 1044 2942 τούτου,
1079 2865 1190 2933 πολλοὶ
1219 2872 1278 2934 τῶν

181 2990 321 3074 εὐφυῶν,
347 2986 488 3054 ὑπόδεσιν
512 2983 688 3066 λαβόντες,
714 2985 758 3060 εἷς
781 2984 817 3052 τὸ
839 2982 1062 3069 ἀδωροδόκητον
1091 2990 1147 3054 τοῦ
1170 2995 1277 3068 Δημο-

182 3107 300 3184 σθένους
323 3106 527 3189 διημιλλῶντο
549 3114 614 3181 τοῖς
635 3102 887 3189 ἔηινροὶμμοιοιν.
937 3107 1040 3194 Quem
1068 3106 1175 3174 loeurn
1196 3106 1277 3175 rnihi

182 3230 371 3298 monstrarit
400 3229 554 3299 (lobetus.
603 3228 695 3298 Unde
716 3229 748 3294 iu
776 3227 852 3294 libri
880 3226 1096 3318 Anthologiae
1114 3227 1277 3296 undecimi

182 3365 272 3443 parte
287 3351 386 3419 altera
404 3350 591 3442 paucissima
614 3362 737 3417 tanturn
765 3362 938 3417 occurrunt
957 3350 1175 3439 antiquiorum
1198 3373 1278 3441 poe·

183 3485 286 3540 tarum
305 3474 557 3562 epigrammata,
582 3491 664 3560 quae
684 3471 789 3538 omnia
811 3471 879 3537 fere
900 3492 917 3535 a
937 3471 1170 3538 recentioribus
1194 3473 1277 3538 scri-

182 3602 237 3681 pta
266 3592 429 3670 invenias,
455 3603 491 3657 ut
517 3591 712 3670 Ammiano,
737 3590 922 3670 Nicarcho‚
946 3589 1092 3670 Lucilio,
1118 3592 1276 3664 Polliauo.

182 3710 229 3777 lla
264 3732 402 3800 quorurn
435 3711 527 3779 libris
566 3711 761 3802 florilegium
799 3713 1006 3779 concinnasse
1042 3710 1275 3801 Diogeniauum

181 3828 336 3899 Heraclea
368 3833 499 3900 Pontica
534 3831 728 3911 oriundum,
765 3856 862 3923 quern
892 3831 1054 3900 Hadriano
1082 3833 1277 3923 imperatore

180 3951 291 4019 ririsse
322 3964 356 4019 et
382 3950 656 4035 Ἐπιγραμμάτων
687 3951 882 4034 ’ascalona
914 3951 1050 4021 edidisse
1082 3962 1206 4020 constet
1237 3975 1273 4019 cr

181 4070 280 4139 Suide
300 4073 334 4139 in
353 4096 384 4142 r.
404 4071 637 4153 dispensanda,
659 4073 792 4163 eiusque
809 4074 960 4142 Delectns
977 4085 1102 4165 purtem
1116 4072 1147 4139 in
1161 4094 1275 4143 noram

182 4190 408 4284 Antbologianu
428 4218 447 4261 a
471 4181 680 4262 coustantino
702 4193 845 4286 Cephalo
866 4207 1028 4288 receptam
1048 4214 1115 4260 esse
1136 4194 1275 4262 coniecit

182 4312 235 4380 lla.
259 4314 421 4382 Passerius
439 4314 560 4406 Script.
585 4315 676 4384 ldisc.
702 4340 737 4406 p.
758 4318 945 4396 1967-223.
984 4315 1071 4402 Quae
1092 4315 1274 4384 coniectura
