2932 5108
623 311 815 375 ..ιτε-

187 496 279 586 Quod
302 519 418 565 nomen
438 494 477 562 de
490 495 585 562 remis
607 508 775 587 poetarum
797 519 854 562 usu
878 497 1136 586 frequentatum,
1163 521 1192 569 r.
1219 502 1283 593 dp.

186 620 250 689 llh.
268 620 324 698 ΙΙ,
350 623 427 689 661.
453 617 593 710 Oppian.
620 618 695 686 Hal.
716 618 788 698 ΙΙΙ,
815 622 893 686 240.
920 623 996 687 312.
1024 623 1099 689 120.
1130 621 1178 700 V,
1202 626 1281 691 296.

185 744 224 828 Q.
247 742 377 831 Smyrn.
398 742 467 819 Vl,
497 745 571 807 105.
623 741 771 805 Alterum
796 740 958 806 Leonidae
979 764 1107 810 carmen
1128 748 1284 812 venatoris

183 865 323 931 donariis
347 864 538 954 inscriptum
567 860 732 949 legebatur
752 862 837 930 hoc:

197 994 200 1001 ⁴
276 988 446 1075 Ἀστεροφῆ
467 979 627 1062 notumne
649 982 700 1048 κοῶ
722 982 872 1057 deductum
891 986 1151 1068 οὶντνκτῶροος,

365 1105 418 1171 κοῶ
437 1104 512 1170 λίνον
532 1104 584 1169 nat
605 1105 697 1184 γυρὸν
716 1108 807 1169 τοῦτο
831 1104 1058 1184 λοιγοοβῶλον,

275 1226 420 1301 ἰοδόκην
438 1224 490 1291 κοῶ
514 1228 622 1290 τοῦτον
642 1224 692 1288 ἐπ’
712 1222 816 1304 ὄρτυγι
835 1223 1040 1305 πεπροονῶέντοο

363 1348 459 1414 αὐλὸν
479 1346 532 1415 sul
555 1349 709 1410 πλωτῶν
732 1344 882 1419 εὐπλεκὲς
902 1344 1102 1428 ἀμφίβολον,

275 1471 400 1553 Ἑρμεοή
420 1467 585 1539 Σώσιππος
607 1465 674 1531 ἐπεὶ
700 1465 893 1547 ποορενήξοοτο
913 1466 948 1530 τὸ
972 1472 1071 1531 πλεῦν

364 1589 464 1670 ἥβης,
490 1590 525 1653 ἐκ
548 1590 647 1669 γήρως
671 1588 697 1653 δ’
721 1588 847 1671 οὶδροονίη
869 1588 1000 1653 δέδεται.

183 1711 284 1778 Versu
302 1711 409 1799 primo
437 1707 609 1776 Salmasius
631 1721 664 1773 et
682 1708 864 1774 Bruuclrius
887 1709 1095 1792 οἷονντηροος,
1121 1707 1285 1775 Bernhar-

182 1829 264 1919 dyus
297 1828 336 1895 ad
368 1827 463 1897 Suid.
493 1853 523 1896 r.
554 1827 730 1911 ῶσπερφέοο
764 1830 941 1918 suspicatus
973 1840 1020 1894 est
1049 1829 1282 1912 οἶμπυκτηροες,

180 1950 361 2019 hlcinclrius
384 1975 419 2041 p.
442 1952 518 2017 115.
550 1971 624 2017 curn
649 1950 781 2016 Reislrio
807 1951 1019 2030 οὶνοεκτηροος,
1046 1949 1132 2040 quod
1156 1951 1284 2040 aptissi-

182 2094 269 2139 mum
308 2094 375 2138 esse
403 2069 573 2161 epitheton
602 2069 796 2136 arundinum
834 2083 943 2157 captas
979 2070 1118 2135 auiculas
1149 2073 1286 2138 firmiter

182 2191 459 2284 amplectentium.
508 2189 587 2258 Mihi
615 2190 826 2257 haecomnia
854 2191 981 2279 lougius
1003 2190 1111 2257 dissita
1134 2191 1284 2259 ridentur

180 2329 214 2382 et
248 2313 493 2406 praeferendum
533 2313 627 2401 longe
660 2313 861 2402 simplicius:
895 2312 1048 2387 δούνοικοος
1079 2316 1285 2396 ῶγρευτῆροος.

182 2433 245 2502 Sed
264 2435 290 2499 si
308 2433 361 2498 cui
386 2455 500 2522 parum
522 2431 679 2497 credibile
702 2430 847 2497 rideatur
869 2434 1068 2499 notissimum
1091 2434 1285 2501 vocabulum

181 2565 214 2622 et
234 2553 402 2621 intellectu
426 2550 618 2617 facillimum
640 2552 684 2616 ita
716 2550 925 2617 obliteratum
948 2574 1040 2631 esse,
1066 2553 1151 2620 nihil
1173 2556 1286 2623 allerrc

181 2697 312 2767 possum
343 2695 407 2763 quo
431 2673 498 2738 eius
525 2672 715 2761 sententiam
744 2668 936 2737 convellam.
984 2673 1128 2763 drrcupis
1151 2687 1282 2754 tamen,

181 2820 245 2864 non
264 2796 430 2886 piscatoris
451 2793 530 2859 haec
554 2816 620 2859 esse
640 2814 798 2870 munera,
831 2793 904 2857 satis
932 2807 1094 2881 apertum.
1142 2796 1283 2888 Corrup-

181 2930 250 2984 tum
279 2917 375 3006 igitur
412 2938 456 2982 rs.
482 2919 512 2982 4.
547 2919 699 2988 πλωτῶν,
737 2912 824 3003 quod
862 2911 1051 2980 mutandum
1085 2915 1117 2982 iu
1149 2924 1281 2992 πτηνῶν.

182 3040 237 3108 Vs.
260 3042 292 3107 3.
317 3034 545 3105 scribendum:
573 3034 719 3111 κῖοδῶκην.
768 3033 961 3101 Coniunctis
991 3049 1077 3103 certe
1099 3037 1205 3127 aliqua
1224 3037 1282 3105 ab-

181 3184 247 3228 esse
267 3162 393 3250 nequit.
442 3158 504 3225 Sed
525 3158 564 3225 de
585 3158 645 3223 hac
666 3157 747 3221 erasi
768 3155 908 3220 dubitari
930 3154 1033 3221 rideo.
1082 3160 1127 3223 Er
1149 3162 1283 3225 caeteris

182 3280 445 3371 inscriptionibus
474 3303 569 3346 uuam
606 3291 770 3366 praeterea
801 3275 863 3338 huc
898 3274 1098 3343 referendam
1127 3279 1280 3369 seligam,

184 3401 347 3492 Antipatri
373 3399 499 3465 Sidonii
526 3400 565 3464 l.
590 3398 625 3465 Ρ.
646 3397 713 3475 Vl,
739 3400 781 3461 93

272 3518 449 3601 Ἀρποολίων
466 3519 480 3582 ὁ
498 3517 652 3599 πρέσβυς,
678 3519 692 3581 ὁ
716 3520 779 3589 πῶς
797 3517 903 3599 ρὐτὶς,
929 3521 1160 3594 οὑπολονευτης,

365 3637 448 3705 τόνδε
471 3643 544 3720 παρ’
565 3646 716 3721 ἸΙροοκλεῖ
737 3639 807 3714 δῶκέ
827 3639 941 3717 μετὸν
962 3639 1109 3718 σιβύνην,

272 3761 307 3823 ἐν
326 3768 443 3827 πολλοῦ
467 3767 612 3835 πλεοῶνος
633 3761 700 3825 ἐπεὶ
721 3759 837 3842 βοέρος
861 3758 962 3825 οὐκέτι
982 3767 1113 3842 χεῖρες

363 3880 525 3955 ἔσθενον,
551 3883 593 3954 εἷς
618 3883 762 3963 κεφαλὴν
782 3882 807 3943 δ’
826 3881 917 3956 laets
938 3880 1130 3962 λευκοτέρην.

181 4003 338 4073 Ultimum
363 4001 430 4066 eius
455 4000 615 4065 distichon
640 4014 785 4066 sanatum
803 4024 869 4066 csse
893 4002 1011 4091 scripto
1034 4000 1162 4079 ἔστενον
1186 4017 1279 4091 puta·

181 4138 256 4190 runt
293 4123 465 4191 Salmasius
503 4135 535 4186 et
561 4124 761 4201 Brunclrius‚
803 4124 960 4211 probante
999 4121 1205 4190 Mehlhornio
1240 4128 1279 4193 ad

183 4244 316 4317 dnthol.
340 4246 415 4333 hyr.
451 4269 483 4335 p.
505 4247 558 4311 08.
610 4244 766 4334 Equidem
801 4245 907 4333 paullo
937 4243 1006 4330 plus
1039 4242 1119 4311 mihi
1143 4248 1221 4314 iuris
1246 4250 1278 4315 in

1032 4362 1072 4427 10
