2932 5108
640 330 845 394 -154-

186 538 224 583 ro
247 512 425 583 calcaribus
454 514 591 581 nimium
621 515 744 595 ebuso,
770 540 833 585 non
857 515 1047 587 metendum
1079 518 1176 587 Ioret.
1223 522 1287 591 Sed

185 648 327 728 praestat
345 636 527 728 corrigerer

364 758 432 839 ἥτις
455 760 659 843 ιιεντροροογδρς
679 760 830 841 βοολοῦτοι
852 760 955 827 τοοῒδοο

273 882 355 963 ψιλὴ
378 882 483 964 λενρδν
506 878 593 947 ἔδοτε
615 878 684 963 περὶ
708 878 826 964 δρόμον.

184 1000 231 1070 Ut
246 1022 349 1092 equos
369 999 496 1069 dicotur
514 1000 694 1069 crieoribns
714 1001 873 1067 iocerstus
893 1022 972 1069 esse.
1018 1000 1124 1071 liietro
1145 1001 1208 1072 hoc
1230 1003 1290 1073 de-

185 1120 233 1189 dit
256 1134 351 1213 poeto
376 1134 413 1189 nt
438 1122 531 1190 litera
557 1144 659 1207 pnon
679 1123 842 1212 geminato
869 1132 1029 1191 uteretur.
1078 1123 1132 1189 Vs.
1155 1131 1187 1194 5.
1215 1148 1290 1196 sere

182 1241 419 1336 proculdubio
438 1242 526 1333 quod
542 1241 583 1309 nd
606 1243 799 1309 sententiam
818 1241 984 1309 Iscobsius
1003 1244 1162 1313 coniecit:
1186 1248 1287 1328 Ἀμν-

184 1371 316 1433 ostem
342 1364 522 1445 βασιλῆες,
547 1362 636 1453 qood
666 1367 778 1431 metro'
797 1385 976 1453 congruum
1000 1365 1141 1433 reddidit
1164 1367 1289 1436 Meine-

184 1485 255 1553 iius
283 1484 425 1576 scriptos
461 1482 686 1564 Ἀμυιιλοιΐδιομ
731 1483 837 1576 quue
863 1484 904 1553 de
933 1485 1126 1575 Tyndaridis
1155 1491 1289 1581 proprie

182 1606 321 1677 dictum.
366 1604 431 1675 Sed
456 1605 590 1674 offendit
612 1604 718 1674 hirtus
747 1608 781 1674 in
806 1607 910 1675 verbio
938 1607 1027 1677 τοιιδὶ
1051 1610 1287 1691 ’moznaiim

183 1750 284 1821 quere
302 1724 528 1821 proecedentio
550 1748 681 1817 quoque
704 1740 856 1819 corrupto
875 1741 969 1819 puto.

227 1848 269 1917 ln
288 1848 426 1916 nutricis
448 1846 633 1939 sepulcrum
654 1849 823 1940 inscriptio
844 1850 961 1917 merito
984 1851 1123 1941 pessime
1146 1852 1287 1919 nBoeo·

183 1968 262 2039 khio
290 1967 378 2035 dicto
410 1966 526 2058 iegitur
562 1968 595 2035 in
628 1966 667 2038 G.
691 1964 721 2038 I.
754 1992 790 2038 n.
819 1972 899 2039 808.
931 1992 963 2039 τ.
996 1971 1167 2042 Weicker.
1200 1971 1285 2062 Syll.

181 2114 217 2183 p.
234 2094 315 2171 to..
340 2090 419 2159 item
442 2089 505 2157 aiio
524 2089 611 2158 edito
630 2090 664 2156 in
682 2090 767 2159 Iius.
789 2088 897 2159 Rhen.
919 2093 1019 2158 1845.
1042 2115 1081 2181 p.
1101 2095 1181 2164 235.
1206 2097 1240 2164 3.

271 2209 401 2280 Ἐνθοὶδε
422 2218 467 2291 νῆ
491 2208 623 2291 ιιοιτέχει
643 2210 749 2285 τιτθὴν
769 2209 889 2277 senso
908 2211 1075 2292 nroystsoo

341 2330 400 2397 ¹do
420 2329 653 2409 Πελοποννήσου
672 2329 762 2409 τιὶνδε
780 2328 991 2409 δικαιοτάτην.

181 2452 277 2527 Unde
293 2451 553 2533 demonstretur,
577 2452 605 2519 si
622 2453 818 2543 argumentis
838 2451 878 2519 sd
900 2451 985 2521 hene
1005 2474 1133 2522 censam
1152 2456 1286 2525 tiemon-

180 2576 257 2644 donr
279 2597 361 2667 opus
380 2586 451 2656 est,
474 2597 513 2643 ex
537 2576 642 2665 cippis
658 2573 820 2664 descripto
839 2597 907 2641 esse
922 2576 1065 2644 carmine
1088 2577 1287 2647 Dioscoridis

182 2698 226 2767 t.
252 2697 292 2765 P.
312 2695 376 2764 vlt
392 2744 401 2773 ‚
436 2696 515 2763 466.
552 2692 744 2763 Callimachi
777 2715 809 2764 c.
837 2695 926 2775 468,
959 2707 993 2763 et
1022 2694 1190 2766 Theocriti
1217 2698 1285 2769 sive

182 2815 346 2887 Leonidoe
368 2815 531 2883 Tarentini
553 2836 584 2883 c.
605 2818 686 2883 663.

361 2942 401 3003 '0
420 2935 532 3017 μιιιιιδς
554 2932 618 3001 τόδ’
640 2932 748 3013 ἔτευξε
771 2940 816 3021 τᾷ
839 2935 978 3023 epsicopo

270 3057 405 3141 Μήδειος
423 3055 460 3124 τδ
477 3058 582 3139 μνᾶμ’
600 3054 653 3122 ἐπὶ
675 3061 720 3141 τρῖ
738 3055 795 3140 tte
817 3054 1006 3140 trininitatis
1029 3058 1190 3136 Κλεῖτος·

359 3176 427 3258 ἑξεῖ
441 3176 503 3247 τὰν
522 3173 618 3261 χάριν
640 3174 767 3257 ervit
786 3177 856 3245 ἄντ’
879 3175 999 3245 ἐκείνων

268 3300 309 3368 ὧν
328 3300 381 3369 τδν
403 3306 495 3382 μῶρον
515 3296 622 3383 ἔθρεψε
645 3299 679 3367 τί
697 3297 781 3380 μοὶνς
805 3296 852 3367 ὅτι
873 3299 1019 3383 χρντΙμοο
1041 3308 1191 3389 τελευτᾷ.

178 3422 329 3490 Snnriter
352 3441 433 3511 pnsr
455 3416 581 3485 Medius
602 3421 671 3509 ipse
701 3419 766 3489 hoc
796 3421 983 3511 sepulcrum
1020 3425 1141 3491 nutrici
1170 3423 1283 3492 condi·

177 3540 263 3608 disse
285 3552 318 3608 et
348 3539 545 3631 epigrnmms
576 3540 773 3630 inscripsisse
799 3541 949 3632 fingitur.
996 3542 1147 3612 Nutrices
1174 3558 1282 3616 nutem

176 3685 216 3731 ex
238 3662 462 3753 Peloponneso
484 3676 517 3729 et
537 3683 574 3729 es
594 3659 731 3728 Threcia
750 3673 862 3751 petere
885 3660 1030 3728 solebant
1048 3664 1177 3735 Graeci.
1212 3668 1283 3737 Un-

176 3780 219 3852 de
240 3781 453 3874 repetendum
476 3794 557 3873 puto
579 3779 667 3873 quod
691 3779 807 3847 mulier
835 3778 971 3847 Threcia
992 3784 1129 3854 oriundo
1149 3786 1281 3855 Themi·

176 3906 288 3975 stoeIis
315 3904 438 3973 dicitur
461 3905 559 3972 inisse
590 3918 715 3984 meter,
740 3924 823 3994 quae
852 3902 916 3970 init
939 3905 1006 3973 eins
1033 3908 1166 3984 nutris,
1190 3904 1277 3995 opud

177 4024 425 4108 triennit,
452 4027 517 4093 476
542 4022 579 4093 G.
605 4022 658 4091 κοοὶ
682 4023 777 4101 siric
799 4034 1017 4106 Θεμιστοκλῆς
1040 4025 1076 4104 ἐξ
1097 4023 1223 4107 ἑτοίμοις
1244 4024 1279 4104 ἦν

174 4148 407 4230 γεγενημένος,
442 4144 540 4230 δνομοο
566 4144 771 4230 Ἀβροτόνου,
796 4152 836 4225 ὥς
865 4146 1087 4237 Ἀμφιιιροὶτνο
1110 4148 1227 4231 ἱστορεῖ
1247 4148 1279 4215 ἐν

173 4272 218 4355 τῷ
236 4269 305 4355 περὶ
328 4266 451 4351 ἕνδδξιιν
473 4271 584 4357 ἀνδρῶν
601 4269 858 4356 ονγγροέμμοοτι·
