2932 5108
642 352 821 417 „47-

192 540 296 611 ...ὦ
320 541 503 624 Tautaendia
526 541 634 616 σοιδοι
658 544 754 625 mineo
775 540 886 606 οὕσσσε
909 538 1052 615 λήξεις
1163 586 1166 591 -
1231 546 1235 552 ’

245 712 248 719 .
291 678 307 715 t.
328 714 331 723 .
355 661 429 731 οὔτ’
448 664 561 746 ἀρετήν
580 661 694 730 ποθέων
712 659 785 728 etiae
804 658 1034 743 σοιοφροσήνιιν,

178 781 312 853 abin.
330 786 364 853 3.
388 784 503 875 scripsi
530 781 661 862 λήξεις,
687 805 752 872 quo
776 783 880 850 sensui
903 780 1070 872 integritus
1091 799 1147 847 sua
1168 784 1280 849 eoaui·

183 903 313 971 iiatua„
340 901 471 971 Codex:
495 902 609 970 οήσσσε
628 904 741 981 λήσει,
766 902 854 992 quod
880 903 1016 973 nimium
1040 903 1202 993 patienter
1227 907 1282 968 t'u·
1401 938 1410 955 =

183 1021 293 1097 lerunt
307 1023 375 1091 siri.
398 1023 502 1092 denti.
547 1022 701 1092 Eiusdem
722 1025 961 1114 epigrammatis
988 1047 1033 1093 rs.
1059 1027 1074 1090 i
1110 1021 1280 1108 nauriun-

181 1162 241 1224 ιμσ
270 1141 434 1213 mendam
472 1144 608 1224 curari,
642 1156 680 1210 ut
710 1156 852 1212 metrum
882 1144 1005 1210 sairam
1039 1144 1145 1225 esset³3
1181 1142 1281 1212 eudes

180 1261 374 1348 Holmoe,
398 1263 488 1354 quod
505 1262 558 1334 ·de
578 1267 766 1334 oonieetnra
790 1267 824 1332 in
853 1265 1020 1349 ΤΙμιιρχσι
1043 1265 1183 1332 mutarit
1208 1265 1283 1333 Pia·

180 1385 295 1456 nndes.
344 1386 414 1473 Qua
436 1387 587 1478 cupidius
615 1401 743 1477 arrepta
767 1387 847 1455 beee
873 1388 1105 1479 epigrammata
1126 1385 1192 1455 duo
1211 1386 1282 1454 fru-

180 1504 264 1572 atule
290 1526 357 1574 ene
377 1507 587 1576 uonieuerunt
615 1507 736 1575 eruditi
759 1509 906 1577 eiusdem
926 1508 1058 1575 maioris
1085 1507 1207 1599 elegiae
1229 1508 1282 1575 fu·

184 1624 300 1692 nebris
311 1626 345 1691 in
366 1625 573 1695 Timarchum
589 1650 610 1694 a
624 1627 794 1697 Simonide
814 1631 1029 1721 conscriptae.
1067 1627 1161 1714 Quod
1180 1650 1283 1722 qaum

179 1768 241 1837 ego
259 1746 387 1838 pridem
408 1763 496 1817 reete
518 1750 641 1819 iactum
665 1773 733 1818 esse
755 1773 916 1841 negassem
941 1763 1007 1819 tam
1027 1751 1116 1842 quod
1135 1750 1282 1842 almania

179 1870 412 1959 epigrammata
428 1871 593 1942 aimiilime
605 1885 791 1963 comparata
811 1875 844 1940 ia
867 1870 1064 1964 Anthologiu
1083 1884 1282 1953 oeearaunt,

178 1988 324 2083 ideoque
338 1992 566 2061 nimentdeie·
583 1993 665 2061 nibil
698 1996 801 2061 inesse
836 1991 1008 2061 ridebatur
1043 1992 1133 2083 quod
1166 1991 1283 2063 hornut

182 2112 363 2179 carminum
386 2112 490 2181 indoli
512 2126 691 2204 repugnet,
716 2136 814 2205 quana
844 2112 933 2204 quod
955 2113 1047 2183 nolio
1068 2126 1214 2185 suerum
1234 2126 1284 2182 te·-

179 2233 332 2303 atimnio
345 2266 349 2273 ·
362 2245 489 2303 onustat
523 2233 726 2305 Simonidem
765 2235 939 2327 ampliores
974 2234 1094 2326 elegiae
1131 2233 1284 2304 tuaene·

181 2356 364 2444 aoaipsirae,
389 2358 549 2423 neminem
571 2355 773 2423 eruditorum
794 2358 852 2444 qni
876 2355 1285 2425 eontraaiameententiam

182 2472 438 2564 eomprobarnnt
455 2486 511 2540 aut
530 2475 606 2540 tuiti
622 2484 721 2553 aunt,
744 2476 778 2540 iu
796 2486 959 2543 assenanm
979 2474 1167 2566 pertrahere
1179 2476 1286 2566 potui·

182 2594 242 2665 tii·
267 2616 360 2663 nane
388 2593 474 2661 addo
500 2593 579 2662 baee
600 2596 831 2686 epigrammata
860 2618 925 2664 non
957 2598 991 2663 in
1011 2596 1147 2664 adserta
1174 2592 1284 2664 sedin

182 2716 291 2785 attero.
311 2715 401 2806 eippi
428 2714 529 2781 latere
553 2716 654 2781 ineisa
687 2715 808 2795 faisse,
834 2716 920 2784 unde
950 2715 1179 2808 explicandum
1194 2716 1283 2808 quud

182 2839 214 2905 in
246 2837 285 2905 iis
312 2858 331 2903 a
359 2835 485 2928 anlgari
516 2835 764 2927 inscriptionum
796 2860 907 2906 norma
939 2837 1115 2906 discessum
1146 2853 1218 2919 est,
1250 2849 1285 2906 et

181 2958 305 3027 maiore
323 2957 466 3025 earmina
484 2955 603 3047 quibua
623 2956 749 3024 obitum
767 2957 997 3027 defunctorum
1017 2960 1170 3052 lugebant
1186 2960 1285 3029 tuisse

183 3077 328 3147 threnos
357 3076 533 3146 meliaoaa
564 3074 673 3145 eboris
701 3077 906 3154 decantatos.
939 3102 1004 3146 non
1038 3080 1285 3149 terebramine

180 3199 334 3291 elegiaea.
382 3200 499 3271 Fateor
529 3200 616 3267 enim
639 3221 692 3267 rrae
721 3221 786 3267 non
808 3200 850 3266 de
872 3222 937 3267 nno
960 3212 1088 3287 tantum
1116 3199 1285 3270 Simonide

182 3320 236 3391 aad
259 3319 302 3391 de
321 3319 473 3391 erunibus
494 3319 565 3391 iere
583 3333 658 3387 ente
680 3318 891 3388 Parthenium
911 3323 1018 3411 poetis
1034 3320 1184 3393 dubitare
1203 3342 1284 3391 nom

183 3441 292 3509 flebile
320 3442 506 3531 scripserint
529 3441 563 3507 in
584 3439 709 3508 obitum
736 3441 857 3531 privati
878 3439 1019 3508 beminis
1049 3463 1181 3510 earmen
1210 3444 1284 3517 ele·

181 3564 326 3652 giacum,
357 3563 470 3630 saitem
490 3561 684 3654 loeupletiur
709 3561 750 3630 de
773 3561 833 3629 bae
854 3585 890 3631 re
910 3586 928 3628 a
951 3580 1004 3630 me
1026 3565 1148 3655 requiri
1168 3566 1284 3632 veteris

182 3682 349 3781 scriptoris
366 3684 597 3754 testimonium.
627 3683 717 3752 Inter
737 3705 818 3774 quoa
838 3695 973 3775 propter
991 3684 1166 3751 Pausaniae
1186 3682 1283 3750 rerba

182 3803 339 3896 quaedam
360 3806 482 3896 primos
500 3805 701 3876 enumerabo
719 3805 958 3896 antiquissimos
981 3818 1112 3898 poetar,
1135 3805 1192 3896 qui
1213 3804 1282 3871 ἱλε-

180 3933 258 4007 yria
286 3926 588 4008 μιμιιισσοιημὲνο.
619 3929 643 3998 i.
666 3948 697 3997 a.
732 3925 905 3993 tibicinum
934 3928 1046 3994 aantni
1078 3925 1283 3994 inservientia

181 4047 399 4138 seripserunt,
433 4046 550 4115 Cleuas
584 4048 736 4138 Tegeates
762 4048 827 4115 sire
854 4044 1049 4123 Thebanus,
1083 4057 1116 4111 at
1145 4044 1282 4115 Sauadea

182 4168 338 4258 Argivum
363 4170 499 4260 quaein
520 4167 747 4235 reatamiuibus
767 4167 940 4235 cantabant
961 4163 1094 4248 sinubat
1105 4190 1116 4235 r
1142 4190 1173 4239 ι.
1194 4168 1282 4239 Piut.

184 4287 224 4355 de
253 4290 368 4361 Music.
402 4313 432 4362 o.
456 4294 488 4360 8.
527 4291 558 4356 ἕν
581 4290 666 4374 ἀρχή
695 4291 759 4370 γὰρ
791 4293 919 4368 ἐλεγεῖα
947 4289 1221 4370 μεμελοποιημένα
1256 4293 1282 4354 ei
