2932 5108
640 341 816 402 ..60-

179 525 317 615 praefica
341 536 406 607 est,
426 545 508 615 qnae
522 524 568 591 sie
585 538 747 592 mertuum
760 522 961 591 collaudat.'’
988 522 1102 599 Cicera
1124 523 1163 592 de
1178 525 1277 616 legg.

180 647 238 727 ll,
263 652 319 718 24.
343 650 399 716 62.
435 646 700 714 »honoratorum
737 649 878 714 virerum
909 644 1018 711 laudea
1052 646 1083 711 ia
1118 655 1277 714 concione

180 781 419 848 momorantur,
440 790 567 859 eaeque
587 770 685 835 etiarn
712 780 824 835 centus
842 767 882 833 nd
907 765 1075 834 tibicinem
1095 786 1274 857 preseque-

181 901 258 967 tur,
282 890 336 954 cui
355 910 471 955 nemen
495 890 629 969 neniae,
654 912 719 978 quo
747 887 904 956 vocabule
933 888 1029 955 etiem
1051 888 1181 965 Graecis
1201 911 1279 955 can·

179 1022 231 1076 tus
254 1007 405 1099 lugubres
425 1009 671 1077 nominantur.”
695 1010 735 1076 ln
757 1031 823 1100 que
844 1007 917 1074 leee
933 1030 1042 1075 omues
1061 1007 1136 1075 libri
1161 1022 1275 1098 »pre-

178 1129 379 1234 sequatur”
404 1129 470 1194 sive
492 1126 554 1195 hcc
571 1129 676 1220 ipsum
692 1130 759 1196 sire
780 1131 826 1197 ite
844 1129 1000 1219 scriptum
1028 1129 1116 1195 utin
1136 1151 1274 1220 praepe-

178 1252 294 1317 sitione
317 1271 380 1316 una
403 1249 492 1315 nulla
524 1250 566 1315 sit
588 1252 733 1318 uarietas.
781 1250 885 1317 Iidem
921 1251 1117 1339 ›seaeqae''
1144 1263 1274 1316 tuentur

177 1369 322 1438 unanimi
341 1391 518 1449 concensu,
543 1368 631 1460 qnod
652 1369 854 1460 Schleqeliaa
884 1369 926 1436 de
957 1370 1142 1437 coniectura
1170 1384 1277 1437 mata·

179 1492 225 1559 rit
245 1491 278 1558 in
303 1515 324 1557 a
337 1495 498 1581 eaeque.”
532 1491 669 1582 Reliqua
692 1492 779 1560 varie
800 1495 834 1558 in
857 1490 1023 1560 codicibus
1043 1494 1162 1582 scripta
1184 1491 1275 1560 nullu

179 1610 364 1680 adsensum
386 1611 574 1678 discrimine
596 1613 650 1679 sed
673 1613 786 1679 eedem
804 1611 901 1679 medo
921 1611 1023 1679 haec-r
1051 1634 1210 1701 »eaeque
1231 1650 1277 1663 -

177 1742 302 1800 ecatus
320 1738 592 1824 prosequatur.''
641 1733 734 1819 Qaed
766 1756 831 1799 non
861 1746 948 1801 recta
978 1732 1115 1802 dictum.
1163 1735 1278 1802 Latine

178 1855 265 1922 enirn
281 1854 402 1923 dicitur
416 1870 472 1922 aut
496 1854 654 1923 >alaudes
672 1857 829 1921 alicuius
844 1857 1011 1944 persequi
1021 1855 1058 1932 ,”
1085 1867 1141 1921 aut
1165 1858 1276 1922 »lau-

180 1976 282 2043 didus
299 1978 452 2067 aliquem
472 1980 680 2067 prosequi.”
729 1978 909 2045 Pronemcn
942 1988 1049 2043 autem
1079 1974 1278 2044 demonstra·

177 2096 280 2163 tivum
311 2095 351 2163 ad
381 2118 481 2163 unum
509 2096 745 2165 substantivum
770 2096 964 2163 »laadee”
1001 2096 1115 2165 referri
1146 2111 1274 2188 petest,

178 2240 243 2309 qne
270 2240 384 2308 parum
405 2230 479 2308 apte
499 2216 631 2284 medum
660 2219 848 2285 naeniarum
865 2218 1037 2308 significari
1059 2229 1152 2308 puto.
1189 2219 1277 2304 Que-

178 2361 215 2407 re
233 2337 383 2430 equidem
406 2341 440 2406 in
465 2338 631 2413 Ciceronis
656 2339 781 2410 uerbis:
808 2352 970 2432 »easque
987 2342 1085 2411 etiam
1106 2353 1216 2407 cantus
1237 2339 1277 2405 ad

178 2461 345 2529 tibicinem
378 2465 626 2553 prosequatur”
663 2462 922 2537 emendaverime
958 2468 1152 2554 exsequias·
1179 2464 1276 2530 etiam

178 2594 291 2654 centus
323 2579 363 2646 ad
401 2581 566 2653 tibicinem
598 2596 824 2673 prosequetur.
851 2610 854 2615 ·
880 2585 926 2652 Ut
955 2583 1097 2650 lustinus
1120 2584 1191 2663 Xl,
1224 2588 1278 2653 12.

180 2725 202 2768 a
214 2701 253 2768 ln
271 2700 391 2766 itinere
411 2701 579 2767 nuntiatur
600 2722 730 2768 uxerem
756 2702 825 2768 eius
839 2700 1176 2792 ‘decessisse'eiusque
1191 2725 1279 2770 mer·-

180 2832 246 2890 tem
271 2819 535 2908 collacrymatnm
560 2819 776 2887 Alexandrum
799 2822 1027 2911 exsequiasque
1047 2820 1184 2911 benique
1202 2848 1281 2915 pra·

180 2954 326 3010 secutum
349 2944 462 3008 ·esse;''
510 2940 571 3009 Hic
601 2939 774 3009 tibicinum¹
805 2940 1047 3017 modusdictus
1079 2942 1189 3024 ἕλενος
1214 2944 1280 3034 Ly,

179 3062 253 3130 diae
278 3061 464 3130 harmoniae
493 3063 575 3129 acris
600 3074 633 3129 et
654 3061 771 3129 flebilis
802 3061 1005 3153 ahsslqmpo
1033 3078 1166 3132 auctura
1195 3066 1279 3134 inter

180 3184 319 3253 Graecus
348 3185 580 3275 repetebatur,
612 3183 644 3250 id
676 3183 762 3274 qued
792 3183 897 3250 efficio
930 3206 967 3249 cr
999 3182 1118 3250 Saldae
1135 3187 1278 3256 ¹verbis-t

176 3307 348 3386 Ὄλυμπος
370 3306 505 3381 Μαίονος
532 3305 664 3383 Marde,
697 3306 837 3385 ceastriae
861 3305 915 3372 eal
943 3307 1071 3383 ποιητὴς
1101 3307 1280 3387 ἐλεγείων

181 3425 244 3495 eet
268 3432 411 3508 μελῶν,
445 3426 571 3506 ἡγεμών
598 3451 634 3492 τε
657 3426 823 3507 γενόμενος
846 3436 903 3506 τῆς
933 3436 1139 3510 neocaesareae
1163 3428 1281 3509 μούσοις

179 3556 237 3628 τῆς
256 3547 310 3615 tre
331 3554 391 3616 τῶν
410 3549 529 3625 οὐλῶν,
555 3547 675 3614 collate
693 3548 858 3615 Plutarchi
884 3550 954 3615 lece
974 3549 1014 3615 de
1032 3551 1148 3618 Music.
1174 3573 1204 3618 c.
1226 3554 1281 3620 15.

180 3668 338 3755 τοιγάρτοι
364 3667 499 3737 nasicas
521 3670 578 3747 τὴν
600 3668 712 3736 Λύδιον
743 3669 891 3753 οἱρμονΙοιν
920 3679 1142 3754 capesceret,
1176 3670 1281 3747 laralia

180 3791 268 3874 ὃξεῒιι
287 3789 340 3859 scal
365 3789 533 3870 ἐπιτήδειος
556 3791 630 3875 πρὸς
650 3793 772 3875 θρῆνον,
798 3790 889 3877 ἧκον)
911 3793 967 3870 τὴν
989 3793 1110 3875 πρώτην
1130 3791 1282 3858 ονότοιοιν

181 3914 280 3991 αὐτῆς
302 3918 386 3999 φονον
409 3910 536 3996 θρηνώδη
559 3912 631 3978 τινὰ
653 3911 808 3992 γενέσθαι.
852 3914 1024 3994 ’Όλνμιιον
1043 3914 1107 3996 γὰρ
1137 3916 1279 3995 πρῶτον

181 4032 390 4117 Ἀριστόξενος
410 4033 442 4099 ἕν
461 4034 504 4116 ab
524 4032 631 4116 πρώτῳ
651 4032 720 4117 περὶ
742 4040 891 4114 μουσικῆς
913 4033 963 4102 e’ari
982 4037 1025 4119 τῷ
1044 4032 1164 4101 Πύθωνί
1182 4037 1278 4117 Φνοιν

184 4152 397 4232 ἐπικήδειον
422 4157 591 4233 attens
618 4153 759 4222 Λυδιστί.
806 4155 899 4224 Licet
924 4157 1010 4222 enim
1038 4155 1216 4246 Terpandri
1249 4168 1282 4220 ct

185 4273 316 4365 Olympi
338 4278 500 4357 νιοιῆμοιτοι
512 4276 596 4377 idem
617 4289 772 4345 memoret
783 4275 973 4345 Plutarchus
991 4274 1030 4342 de
1043 4276 1158 4345 Music.
1181 4299 1210 4347 c.
1227 4280 1278 4345 18.
