2932 5108
648 382 829 445 ..81-

182 564 267 635 bsins
288 570 389 635 iunxit
401 576 530 653 τερπνῆς
547 570 631 642 ἐντὸς
643 568 735 635 tow
746 567 840 649 μέθης
854 614 864 646 ,
878 567 965 657 quod
986 566 1102 635 idoneo
1115 590 1205 635 senso
1225 589 1278 633 ca-

182 703 251 767 ret,
276 703 309 758 at
335 688 416 773 κάρον
440 691 671 781 interpretatus
697 702 743 755 est
766 688 807 756 de
835 686 934 755 odoro
959 690 1024 756 siro
1047 691 1219 780 vaporibus
1242 711 1279 755 ex

180 832 263 900 aqua
292 811 508 901 surgentibus.
542 812 597 880 Vs.
618 818 638 877 5
663 811 776 901 scripsi
804 810 850 890 pir
873 810 966 886 τοτί,
998 832 1059 901 pro
1089 832 1155 900 quo
1184 809 1281 901 uulgo

181 930 320 1020 legitur:
354 932 430 1010 κάτ’
457 931 529 1005 ε’τί,
563 930 617 997 sed
641 930 780 1020 simplici
808 932 853 1011 μή
883 929 937 996 hic
970 932 1064 1001 unice
1092 930 1183 999 locus
1210 945 1280 1011 est,

182 1052 360 1142 composito
380 1049 500 1117 nulius.
548 1049 598 1117 td
622 1049 797 1118 dictionem
819 1052 930 1119 confer
952 1050 1149 1120 Nicarchum
1178 1052 1219 1121 A.
1243 1051 1281 1121 P.

181 1169 414 1248 1x‚330.5.
445 1170 538 1237 τοοσὶ
568 1170 601 1237 δὲ
626 1172 672 1251 μὴ
695 1170 766 1238 aeri
794 1171 906 1255 νίττροο
934 1171 1040 1256 Φέρενν
1067 1170 1282 1257 κρυστάλλινα

179 1290 432 1377 Νυμφάνδῶροο,
446 1290 607 1357 atiooosa
630 1290 779 1361 Incobsio
801 1290 980 1384 adscriptos
992 1340 1001 1371 ‚
1028 1296 1105 1363 Eur.
1129 1292 1282 1364 ossus.

180 1410 297 1494 λουτρά
326 1413 357 1478 τ’
384 1411 436 1478 ε’τὶ
467 1410 558 1493 χροὸς
586 1408 706 1490 βάλλε.
733 1409 768 1483 h.
794 1412 890 1479 Hom.
920 1410 995 1482 Cer.
1017 1417 1072 1483 50.
1100 1412 1167 1480 otti
1199 1411 1283 1497 χράον

181 1529 326 1611 βάλλετο
348 1538 508 1613 λουτροῖς,
533 1531 590 1597 ubi
615 1531 748 1599 verbum
774 1530 911 1612 βάλλειν
935 1547 1124 1625 corruptum
1150 1533 1291 1601 videbo·-

184 1665 244 1721 tur'
265 1650 475 1721 Ruhnkeoio.
522 1650 683 1742 Equidem
714 1665 912 1721 contructam
941 1655 1079 1723 iormsm
1105 1662 1243 1739 λουτροῖς
1265 1678 1284 1721 o

182 1784 352 1865 postorum
377 1772 598 1863 antiquiorum
622 1772 791 1863 epicorum
816 1794 874 1840 usu
894 1773 1031 1845 alienam
1055 1788 1158 1866 puto,
1183 1792 1285 1866 quam

181 1892 315 1964 malim:
343 1892 411 1961 οὐδὲ
442 1890 527 1976 χράοο
551 1890 661 1972 βάλλε
687 1900 835 1978 λοετροῖς.
883 1895 938 1965 ‚Va
963 1897 985 1961 8
1015 1896 1155 1987 praetuli
1183 1893 1284 1963 λντά·

180 2036 273 2095 μενος
296 2014 457 2105 Ηοτίοροο
478 2011 734 2083 emendationem
756 2036 816 2107 pro
844 2014 965 2081 codicis
988 2014 1149 2085 lectione:
1173 2015 1285 2084 ⁷cr’mei-

181 2158 285 2214 μενος.
323 2133 416 2223 Quod
446 2148 495 2203 est
512 2133 702 2217 λνοάρεενος.
750 2133 878 2205 Ibidem
911 2135 1072 2205 senissimo
1102 2137 1287 2205 Brunokius

182 2251 356 2339 άρνοολέκς.
403 2254 569 2323 lacobsint
586 2255 621 2323 io
640 2256 730 2347 App.
757 2257 820 2347 up.
840 2257 918 2327 100.
941 2276 1016 2323 cum
1033 2256 1064 2329 Ι.
1086 2256 1128 2335 G.
1149 2255 1287 2327 Schnei-

184 2373 285 2443 dcros
318 2372 494 2458 άρτεροάοος,
526 2386 561 2440 et
590 2397 627 2442 cr
660 2374 828 2443 Schaoieri
860 2376 1068 2447 coniectori:
1101 2376 1284 2461 άνοάροενος.

186 2494 278 2564 Idem
310 2496 399 2564 rao
435 2495 560 2584 recepit
587 2491 721 2561 alteram
749 2492 895 2563 eiusdem
922 2493 1088 2567 Schssieri
1119 2500 1287 2566 coniectu·

185 2640 254 2685 ram
276 2614 413 2698 ἔβαψεν.
462 2612 597 2683 Codices
619 2612 754 2696 ἔκοψεν,
779 2634 815 2683 er
846 2637 913 2705 quo
941 2615 1047 2683 effiori
1069 2616 1157 2708 qood
1178 2620 1211 2685 in
1240 2631 1288 2687 tei

184 2751 242 2806 stu
262 2759 358 2828 supra
385 2734 508 2804 editum
530 2733 673 2825 iegitur,
698 2734 741 2805 cl.
773 2736 851 2803 Eur.
877 2734 976 2807 Herc.
1007 2736 1046 2809 tt.
1073 2740 1173 2811 1070.
1202 2738 1288 2807 άτά-

184 2863 299 2943 κρνφον
317 2857 416 2939 δάμοος
437 2857 497 2924 ὑπὸ
517 2853 810 2939 με’λοάρονκράψο.
859 2855 961 2923 Versu
991 2855 1109 2925 ultimo
1127 2879 1202 2927 oum
1220 2859 1288 2929 lie·-

185 2981 276 3072 ringo
294 2980 401 3058 ἤλνάον
420 2978 535 3067 scripsi
555 2998 616 3067 pro
639 2975 765 3067 vulgata
787 2976 927 3045 lectione
947 2978 1074 3057 άλνάενς
1099 2976 1179 3047 haec
1198 2981 1289 3049 enim

186 3099 227 3168 od
250 3100 359 3169 Prooti
376 3098 459 3169 filias
483 3098 697 3176 insanientes,
720 3120 784 3165 non
804 3096 846 3165 ad
864 3096 1099 3189 Melampodom
1119 3101 1289 3170 referenda

186 3222 350 3293 ridentur.
405 3221 477 3289 Hoc
511 3220 654 3287 carmine
689 3236 900 3309 comparato,
936 3219 1025 3309 quod
1057 3231 1094 3286 ut
1127 3222 1290 3311 plurimae

186 3344 411 3435 inscriptiones
438 3339 610 3409 άδὲσοτοτον
640 3351 709 3418 est,
742 3338 847 3429 liquet
869 3340 903 3405 in
933 3340 1001 3406 basi
1024 3340 1172 3430 imaginis
1192 3342 1289 3411 Panis

188 3462 228 3529 sd
274 3462 398 3529 iontem
442 3461 564 3551 positae
599 3460 752 3548 scriptam
790 3460 1034 3551 inscriptionem
1079 3461 1177 3533 fuisse
1216 3466 1289 3556 epi·

188 3604 328 3671 gramma
376 3578 529 3645 Nicarchi
566 3580 606 3645 Δ.
640 3579 675 3647 Ρ.
706 3579 776 3659 ΙΧ,
810 3583 917 3659 330,
953 3582 1041 3671 quod
1085 3596 1118 3650 et
1163 3584 1216 3651 dei
1255 3596 1288 3651 et

189 3716 305 3793 poetae
333 3702 460 3785 ingenio
490 3697 788 3781 accommodatum,
814 3699 974 3767 ludicrum
1004 3699 1084 3769 odeo
1107 3717 1156 3771 cst
1183 3716 1217 3771 et
1239 3704 1289 3771 ln·

190 3824 332 3890 scitum:

281 3968 313 4009 οι.
339 3938 462 4025 Κράνοις
481 3942 603 4023 cottam
625 3941 714 4023 τοορά
736 3939 855 4021 νάροοοοο
876 3943 929 4008 κοά
950 3942 1038 4025 νεκρά
1057 3941 1215 4025 Νάροφοονς

370 4060 504 4129 ἔοτοσάν
522 4086 564 4142 με
585 4062 710 4143 Σάμων,
734 4067 828 4130 Πάνοο
847 4064 900 4130 τὸν
922 4063 1100 4142 αἰγιπόδην.

282 4188 317 4265 β.
343 4188 398 4251 τεῦ
419 4182 450 4249 δὲ
472 4180 589 4264 χάρνν;
613 4208 646 4247 a.
671 4182 751 4261 λέξον
775 4207 844 4259 τον,
868 4180 936 4249 ὅσον
959 4183 1074 4257 τοάέενς
1092 4184 1156 4250 άπὸ
1176 4186 1290 4269 κράνος

372 4305 425 4369 xci
446 4305 499 4369 τίε
519 4304 572 4367 aeti
597 4302 704 4369 κοίλοιο
727 4303 845 4370 κάλτνν
865 4306 954 4370 ἑλὼν
978 4300 1108 4386 άροσοον,
1178 4352 1202 4370 .-

1039 4425 1062 4489 0
