2932 5108
642 322 820 383 ..66-

181 509 281 584 Arbae
310 510 365 589 χοί
390 506 476 573 κοίτου
508 506 691 590 συνίστορες.
739 507 937 575 llonondum
966 505 1106 598 danique
1137 530 1273 599 apogra-

176 628 278 719 phum
310 626 443 697 Domini
471 626 637 697 Michaelis
667 624 888 706 chartularii,
913 625 1001 715 quod
1032 650 1087 694 sua
1117 652 1216 697 manu
1238 652 1276 697 er

176 748 340 841 cephalae
371 748 570 839 autographo
599 748 835 839 descripserat,
860 771 877 812 a
900 746 1033 815 librario
1060 770 1134 816 curn
1163 749 1278 818 codice

177 870 323 937 Palatino
345 870 500 937 collatum
523 891 603 937 esse.
652 867 746 938 Unde
769 868 851 936 illud
869 869 1032 950 αυτίβσλιυ
1056 868 1149 937 dixit.
1189 868 1279 937 (lon-

177 990 261 1057 lerss
283 1003 375 1057 notas
395 987 587 1079 marginales
608 987 648 1055 ad
672 990 753 1069 vtl,
778 994 858 1060 432.
880 988 936 1066 ἕως
959 986 1017 1057 alta
1040 988 1086 1057 asi
1103 992 1159 1056 τοῦ
1175 989 1279 1074 κυρίου

175 1112 316 1193 Μιχαὴλ
339 1114 395 1177 τοῦ
411 1110 586 1193 μακαρίτου
608 1116 765 1193 περιεῖχον
790 1109 1051 1194 ἐπιγράμματα,
1083 1106 1180 1177 ἅτινα
1206 1111 1278 1178 ibro-

175 1231 288 1315 χείρους
315 1228 411 1305 αὐτὸς
437 1228 578 1313 ἔγραφεν
601 1231 637 1297 ἐκ
658 1238 716 1306 τῆς
735 1229 855 1310 βίβλου
876 1234 932 1297 τοῦ
961 1233 1123 1315 Κεφαλᾶ;
1147 1231 1188 1298 sd
1208 1231 1277 1310 Vl.

177 1354 257 1419 269.
289 1352 330 1425 ale
357 1354 537 1435 Σαπφοῦς·
567 1350 611 1425 είς
642 1349 678 1416 τὸ
702 1347 866 1431 οὶυτίβσλιυ
894 1350 929 1416 οὐ
950 1357 1062 1418 κεῖται
1090 1354 1147 1421 τοῦ
1176 1349 1279 1433 κυρίου

176 1470 328 1553 Μιχαιίλ.
352 1466 445 1539 addes
465 1466 517 1540 οὖν
536 1466 740 1554 irgeldensis
763 1465 858 1545 οἶδας
877 1469 917 1536 ad
933 1470 1017 1550 Vll,
1040 1473 1122 1540 428.
1146 1468 1202 1546 ἕυς
1221 1467 1279 1549 ὧδε

176 1591 367 1675 οίιτεβλιίίκ
384 1590 458 1675 πρὸς
480 1591 517 1659 τὸ
538 1592 702 1672 σίντίβολιυ
731 1596 787 1658 τοῦ
819 1590 919 1675 κυρίου
941 1593 1084 1674 Μιχαὴλ
1113 1590 1280 1675 sollemp-

176 1715 253 1791 tuln
271 1736 362 1789 σικα,
386 1714 470 1790 araia
490 1709 537 1779 irs
557 1714 680 1779 κσίκεΐυο
703 1710 891 1795 σφοίλματα
909 1707 1008 1794 εἶχεν.
1041 1713 1089 1779 lta
1108 1734 1174 1803 quo
1195 1712 1279 1779 illud

178 1837 284 1927 ipsum
315 1833 536 1926 apographum
566 1835 630 1901 ism
653 1835 739 1901 uitiis
766 1835 971 1924 inquinatum
1001 1833 1100 1901 luisse
1122 1832 1280 1924 intelligi·

181 1970 247 2026 tut.

224 2075 289 2145 Sed
311 2076 375 2143 iam
396 2073 680 2145 demonstrandum
702 2074 785 2141 mihi
805 2088 853 2142 est
872 2072 1103 2165 dnthologiam
1126 2076 1279 2145 Graecam

180 2220 241 2289 pro
271 2195 440 2263 dimidiata
462 2208 555 2287 parta
586 2218 653 2264 esse
685 2195 845 2286 »Corpus
875 2196 1167 2286 Inscriptionum”
1190 2196 1281 2287 quod

180 2318 295 2385 isaiam
318 2314 471 2406 exemplis
498 2300 699 2407 singulcrhm
723 2338 877 2406 genarum
900 2316 1157 2407 inscriptionum
1179 2341 1282 2408 appo·

181 2441 248 2507 sitis
269 2452 301 2506 et
319 2436 500 2508 illustratis.
548 2437 590 2503 lit
613 2459 707 2527 saepe
731 2437 864 2502 miratus
884 2458 956 2505 sum
986 2437 1069 2503 risos
1093 2436 1205 2503 doctos
1222 2439 1281 2528 qui

180 2559 309 2627 assiduo
339 2558 449 2624 labora
479 2581 516 2625 er
548 2557 721 2624 ruderibus
759 2560 1004 2647 inscriptionum
1039 2560 1218 2648 fragmenta
1249 2572 1283 2627 ot

181 2679 356 2770 particulas
383 2679 416 2744 in
448 2677 553 2743 lucem
576 2674 766 2766 protrahere
787 2677 969 2744 maluerunt
991 2701 1088 2769 quarn
1112 2679 1162 2745 his
1184 2678 1283 2771 largis

182 2799 319 2891 dapibus
338 2819 465 2867 mecum
490 2797 569 2865 frui.
604 2797 748 2882 Quorum
770 2797 875 2863 studia
887 2796 1039 2888 equidem
1056 2800 1188 2867 minima
1203 2822 1283 2868 con·

184 2935 318 2998 temno,
344 2940 445 3009 quum
467 2917 608 3009 plurima
630 2920 814 3008 cognitione
835 2931 868 2986 et
888 2921 971 2987 scitu
1001 2920 1187 3011 dignissima
1207 2921 1284 2990 inde

183 3042 301 3110 nostris
331 3040 532 3131 temporibus
557 3039 657 3105 literis
687 3042 878 3107 accesserint
902 3041 1054 3120 Graecis,
1077 3042 1132 3108 sad
1156 3042 1283 3111 Antho-

183 3165 288 3258 logiae
305 3186 402 3255 opera
422 3160 638 3252 impendenda
656 3174 725 3229 arat
743 3186 819 3252 prae
836 3163 891 3241 iis,
916 3162 949 3229 in
969 3162 1090 3252 quibus
1108 3164 1283 3231 restituan-

183 3286 283 3353 dis
255 3308 338 3351 arros
361 3283 474 3349 doctos
502 3306 595 3373 saepe
615 3284 657 3350 its
678 3295 817 3349 versatos
844 3281 975 3360 rideas,
998 3296 1035 3350 ut
1061 3297 1117 3349 sut
1136 3283 1284 3373 legantur

185 3429 268 3498 qnae
293 3406 334 3471 ab
357 3404 486 3469 homine
506 3403 627 3470 Graece
656 3403 753 3470 docto
780 3404 843 3493 legi
866 3418 922 3473 ant
939 3404 1091 3537 intelligi
1095 3421 1281 3496 nequeant,

185 3541 240 3594 aut
258 3550 294 3592 ea
314 3546 398 3616 quae
414 3522 485 3588 ab
477 3547 547 3610 rpso
569 3526 729 3613 scriptore
751 3524 897 3614 prolecta
921 3549 988 3592 esse
1008 3550 1072 3592 non
1094 3548 1186 3617 posse
1210 3552 1283 3595 sen·

185 3651 270 3728 tias,
303 3647 428 3715 etiamsi
458 3658 544 3711 recta
573 3647 650 3714 sint.
697 3644 866 3712 Interdum
897 3647 947 3713 sir
972 3645 1069 3713 ullam
1096 3650 1283 3717 continuem

185 3773 353 3840 literarum
377 3768 490 3835 seriam
518 3789 679 3856 agnoscas.
727 3767 957 3859 inscriptiones
984 3781 1091 3837 autem
1119 3773 1282 3862 integras,

187 3894 306 3984 quibus
323 3891 433 3960 nullus
454 3890 521 3955 iere
540 3891 571 3955 in
593 3890 727 3956 Graecia
745 3888 874 3956 carebat
895 3888 1003 3966 locus,
1029 3893 1114 3959 inter
1136 3894 1284 3981 antiquos

186 4016 250 4080 iam
275 4014 407 4104 plurimi
429 4011 629 4100 collegerunt
649 4011 833 4099 Perlegetae
855 4024 887 4077 et
909 4011 1084 4089 historici,
1111 4025 1148 4077 ut
1170 4012 1285 4080 Philo·

187 4133 304 4203 chorus
323 4136 457 4202 collecta
475 4132 576 4200 edidit
588 4129 846 4214 Ἐτιγροίμματα
869 4132 1026 4208 Ἀττικοί,
1052 4131 1284 4223 Neoptolemus

188 4255 339 4323 Parianus
357 4256 455 4324 libros
475 4256 601 4345 scripsit
619 4252 948 4338 τερίὲτιγραμμοίτωυ
971 4253 1151 4335 Αιίισιι,Χ,
1176 4260 1240 4324 454
1259 4258 1285 4324 ll
