2932 5108
624 458 669 469 -—
697 424 762 488 t·17'
782 456 828 467 —

181 610 352 678 lectionem
383 608 528 677 defendit
562 621 595 675 et
628 611 801 700 explicuit:
838 612 934 677 nihil
964 614 1040 676 nisi
1072 629 1217 697 αηρυουι
1247 616 1287 671 et·

177 732 355 822 gladium.
402 732 545 799 Heroum
564 730 648 797 enim
668 732 843 822 imagines..
871 754 953 820 quoe
974 729 1164 820 plerumque
1181 749 1280 818 eque·

181 865 261 919 stres
292 864 408 930 erunt,
442 868 479 920 nt
509 864 598 942 putet
629 875 666 918 ex
698 876 743 920 rs.
769 856 827 930 4.,
863 854 958 919 ormir
998 850 1089 918 indui
1122 848 1280 918 solebant.

184 972 275 1059 Quod
297 996 333 1041 ex
351 974 413 1039 hoc
435 971 626 1041 Callimachi
646 971 719 1038 loeo
738 972 924 1038 coniectura
943 972 1071 1038 efficere
1094 993 1281 1060 possumus,

182 1094 236 1160 sed
259 1094 378 1163 diserte
401 1107 536 1162 testetur
557 1092 750 1161 scholiastes
773 1092 811 1158 ud
836 1092 937 1160 Arist.
963 1093 1062 1182 Vesp.
1082 1096 1161 1161 823.
1192 1088 1285 1174 εἶχον

181 1213 244 1297 γὰρ
264 1218 291 1283 οἱ
311 1216 401 1302 ἥρωες
421 1215 619 1284 πανοπλίαν·
644 1215 696 1282 καί
714 1214 804 1292 δῆλον
824 1214 860 1280 ἐκ
877 1220 937 1280 τῶν
957 1213 1152 1281 Δαιταλέωυ.
1200 1216 1281 1282 Poe·

182 1348 232 1403 toe
256 1361 364 1405 sersus
387 1351 484 1408 suntr

317 1462 422 1543 θήρῷον
445 1459 538 1534 είπως
559 1458 739 1539 ἐκκομίσαις
763 1458 875 1524 τὸτοῦ
896 1455 1001 1523 Λείκου
1014 1506 1119 1523 .....

316 1577 422 1646 οὔκουν
446 1579 513 1661 ἔχει
536 1583 571 1659 γ’
594 1578 655 1646 οὐδ’
678 1578 773 1652 αὐτὸς
798 1576 871 1661 η’ρως
896 1578 934 1643 ὢν
957 1573 1054 1643 ἷίπλα.

183 1697 233 1765 td
267 1698 365 1765 rerba
406 1698 494 1777 λοξὸν
525 1698 597 1784 ίφιυ
625 1700 736 1765 confer
771 1697 937 1764 Plutarchi
976 1698 1072 1765 verbu
1114 1696 1279 1767 Gleoruen.

181 1840 211 1885 e.
232 1822 288 1887 39.
310 1819 435 1898 ὀλίγαις
455 1819 482 1884 δ’
506 1816 629 1901 ὕστερον
649 1818 777 1902 ἡμέραις
800 1820 827 1885 oi
847 1819 882 1885 τὸ
905 1825 998 1899 σῶμα
1016 1824 1071 1885 τοῦ
1092 1817 1284 1899 Κλεομένους

180 1938 486 2021 παραφυλάττοντες
511 1936 591 2007 εἶδον
618 1940 772 2020 εὐμεγέθη
802 1938 953 2024 δροίκοντον
983 1948 1023 2023 τῇ
1046 1946 1175 2026 κεφαλῇ
1199 1965 1283 2023 περι-

180 2058 413 2140 πεπλεγμένον.
437 2060 472 2125 ἕκ
495 2058 527 2125 δὲ
549 2058 659 2126 τούτου
684 2058 907 2140 δεισιδαιμονία
929 2060 1102 2142 προσέπεσε
1121 2063 1164 2144 τῷ
1186 2062 1287 2141 βασι--

181 2187 250 2255 λεί,
274 2183 313 2254 ὥς
334 2180 439 2262 ἀνδρὸς
459 2179 644 2265 οίνηρημένου
664 2180 825 2261 θεοφιλοῦς
845 2176 898 2244 καί
913 2178 1082 2261 κρείττονος
1101 2182 1158 2259 την
1173 2182 1281 2264 φύσιν.

182 2302 223 2368 Οἱ
243 2301 270 2366 δ’
291 2299 506 2382 Ἀλεξανδρεῖς
530 2300 582 2365 καί
603 2297 805 2381 προςέτρεχον
827 2302 995 2382 φοιτῶντες
1023 2298 1075 2366 ε’πί
1096 2300 1149 2368 τὸν
1168 2301 1281 2379 τόπον.

181 2422 262 2501 η’ρωα
281 2420 334 2485 τὸν
353 2418 528 2499 Κλεομένην
549 2418 601 2483 καί
623 2420 694 2483 θεῶν
717 2418 819 2483 παῖδα
842 2420 1126 2501 προςαμορειίοντες.
1152 2462 1198 2473 --
1220 2426 1281 2491 Καί

182 2545 272 2607 τοῦτο
296 2536 474 2611 κατιδόντες
498 2539 524 2603 οἱ
547 2538 677 2603 ταλαιοῖ
702 2536 849 2617 μάλιστα
871 2545 930 2605 τῶν
952 2539 1033 2623 ζῴων
1055 2542 1108 2608 τὸν
1131 2541 1283 2624 δροίκουτα

181 2666 246 2735 τοῖς
270 2659 359 2743 ἥρωσι
383 2656 603 2741 συνῳκείωσαν.
654 2656 717 2726 Ubi
739 2659 883 2741 κρείττων
907 2659 992 2727 idern
1025 2662 1094 2729 fere
1124 2665 1283 2753 significet

181 2780 268 2870 quod
298 2780 383 2861 ίίρως.
439 2778 484 2846 Ut
515 2786 548 2848 in
582 2776 710 2848 Cimon.
742 2802 771 2845 o.
798 2782 851 2848 19.
882 2787 995 2861 τιμῶσι
1023 2781 1055 2849 δὲ
1086 2783 1139 2849 καί
1168 2792 1287 2861 Κιτιεῖς

180 2898 284 2983 τοίφον
307 2900 379 2966 τινα
411 2898 571 2979 Κίμωνος,
604 2901 644 2973 ὥς
676 2898 896 2983 Ναυσικράτης
927 2902 942 2967 ὃ
970 2904 1066 2986 ῥητωρ
1096 2904 1216 2988 φησὶν,
1252 2908 1284 2973 ἐν

181 3024 278 3105 λοιμῷ
302 3022 355 3087 καὶ
375 3028 435 3099 γῆς
457 3021 576 3105 αφορίρι
594 3024 648 3087 τοῦ
667 3022 734 3087 θεοῦ
752 3019 983 3103 προςτοίξαντος
1004 3024 1110 3099 αὐτοῖς
1133 3028 1178 3105 μη
1201 3028 1282 3107 οίμε-

180 3150 246 3211 λείν
262 3144 399 3223 Κίμωνος
419 3144 496 3210 αλλ’
514 3145 554 3217 ὥς
572 3142 732 3224 κρείττονα
752 3141 901 3223 σέβεσθαι
925 3141 978 3209 καί
998 3144 1169 3227 γεραίρειν,
1195 3149 1282 3235 quod

180 3266 286 3333 minus
310 3278 397 3331 recte
417 3276 449 3329 et
468 3263 530 3331 hoo
552 3262 626 3329 loco
642 3275 675 3329 et
695 3263 811 3350 Pyrrh.
833 3267 889 3332 24.
937 3264 1030 3331 Marii
1053 3288 1081 3331 e.
1103 3270 1158 3335 27.
1184 3266 1283 3334 deum

180 3389 409 3477 interpretatus
438 3395 485 3449 est
512 3382 786 3472 wyttenbachius
812 3385 844 3450 in
867 3384 992 3456 Indice.
1039 3388 1086 3453 lix
1109 3386 1172 3453 hoo
1196 3401 1284 3459 rete·

181 3529 253 3573 rum
274 3530 364 3574 more
384 3517 548 3595 serpentes
573 3504 727 3571 heroibus
751 3505 894 3573 suerundi
917 3506 1104 3597 explicando
1128 3510 1210 3577 mihi
1234 3514 1283 3578 ri-

182 3626 276 3693 detur
299 3625 408 3691 fabulo
430 3624 470 3692 de
495 3623 616 3693 Cadmo
641 3638 674 3692 et
696 3626 871 3695 Harmonia
891 3633 923 3694 in
946 3628 1121 3695 droconum
1146 3629 1283 3698 formum

181 3746 337 3825 mutetis,
363 3748 386 3814 i.
412 3769 442 3816 e.
466 3746 621 3835 reiigione
643 3760 675 3814 et
696 3748 875 3813 reverentia
906 3745 1058 3813 heroibus
1080 3746 1189 3815 debito
1212 3751 1283 3817 oul-

181 3869 243 3949 tis,
268 3878 301 3934 ct
322 3868 355 3932 in
379 3888 417 3931 eo
441 3865 550 3934 lusisse
568 3866 693 3934 ridetur
718 3866 948 3957 Aristophanes
971 3851 1068 3957 Vespss
1090 3872 1168 3939 438.

271 3984 294 4052 ὦ
318 3985 440 4068 Κέκροψ
461 3986 534 4067 η’ρως
556 3983 639 4065 ἄναξ
660 3987 704 4054 τίν
727 3986 801 4071 πρὸς
825 3985 921 4053 ποδῶν
944 3988 1134 4069 Δρακοντίδη

271 4113 414 4192 περιορᾷς
435 4104 512 4173 οὕτω
535 4109 571 4185 μ’
595 4108 649 4173 ὑπ’
671 4106 784 4190 σίνδρῶν
803 4105 974 4191 βαρβαρων
996 4106 1212 4189 χειρούμενον,

181 4230 223 4299 oi.
251 4252 297 4295 vs.
324 4231 398 4293 157.
423 4228 500 4293 ἀλλ’
519 4225 738 4309 ἀποφεύξεται
763 4228 981 4313 Δρακοντίδης.

228 4348 285 4417 liis
310 4348 464 4417 accedunt
486 4349 712 4437 inscriptiones
732 4352 853 4439 Anyto
878 4353 919 4422 h.
940 4351 976 4420 Ρ.
998 4349 1070 4430 tx,
1099 4354 1172 4420 444.
