2932 5108
681 325 884 391 —120-

412 518 520 580 reiron
542 512 569 578 δ’
593 514 686 581 αὑτὸν
710 518 725 579 ὁ
748 515 866 595 δᾶμος,
891 517 930 588 ὡς
954 510 1036 597 σάφ’
1060 515 1140 605 εἰδῇς
1153 514 1173 602 ⁹¹.

412 632 522 701 ἕστατ’
544 634 650 701 ἐνθάδε
672 635 813 717 χάλκεον
836 635 977 712 recursis.

232 754 391 846 Legitima
409 757 496 823 onim
521 755 651 824 dicendi
674 759 776 825 formu
796 771 850 825 est·
867 762 1010 841 χαλκοῦν
1035 757 1184 833 ἱστάναι,
1209 772 1242 826 et
1265 784 1331 825 τοι·

230 872 310 953 κταν
327 874 407 944 adeo
429 877 626 967 iungendum
649 900 723 946 curn
744 879 990 969 pronominibus
1009 884 1118 948 τοῦτον
1139 878 1246 947 αὐτόν.
1293 881 1332 947 in
1388 954 1392 962 ¹

228 1019 389 1065 marmore
416 994 577 1089 hodieque
600 1002 772 1089 superstite
797 1012 831 1068 et
854 1001 1067 1068 Anacreontis
1088 1000 1223 1089 imagini
1254 999 1332 1065 sub·

229 1120 387 1211 scripturn
421 1117 540 1208 iegitur
566 1120 717 1188 eiusdem·
741 1119 906 1188 Theocriti
937 1123 1132 1214 epigramma
1152 1121 1224 1201 tx,
1251 1123 1329 1189 599.

228 1240 256 1307 si
283 1239 418 1329 Ligorio
448 1239 529 1309 {ides
566 1265 604 1308 ex
644 1265 711 1332 quo
741 1242 804 1309 hoo
837 1244 979 1311 enotavit
1014 1241 1207 1309 Welckcrus
1245 1243 1330 1311 Mus.

229 1360 338 1430 Rhcn.
372 1364 470 1429 4845.
504 1386 538 1453 p.
565 1366 641 1431 467.
695 1363 943 1454 Inscriptionem
975 1362 1109 1453 quidem
1139 1363 1235 1429 fuisse
1268 1362 1332 1429 hoc

227 1482 425 1573 epigramma
443 1483 567 1549 nullum
594 1482 751 1563 dubium,
777 1506 873 1574 quarn
899 1481 1054 1550 hocloco
1077 1483 1140 1549 nisi
1163 1481 1258 1573 plano
1279 1484 1331 1548 in·

227 1604 373 1693 tegritati
399 1606 604 1683 restitutam,
628 1618 661 1672 at
690 1605 802 1671 saitem
831 1627 849 1669 a
879 1605 990 1683 vitiis,
1021 1625 1105 1692 quae
1136 1605 1331 1671 recentiores

228 1724 431 1803 intulerunt,
457 1736 685 1816 perpurgatam
706 1724 814 1792 dabo:

321 1850 427 1912 Θῖνσαν
447 1846 500 1912 τὸν
522 1844 690 1930 ἀνδριάντα
712 1851 839 1920 τοῦτον,
864 1840 887 1911 ὦ
909 1842 996 1922 ξένε,

408 1966 529 2052 croniet
552 1965 605 2033 sai
630 1964 702 2047 λέγ’
721 1964 803 2033 ἐταν
822 1966 854 2041 ἐς
873 1960 954 2031 οἷκον
976 1962 1079 2049 istnc·

318 2088 533 2173 Ἀνακρέοντος
551 2088 642 2156 εἰκόν’
661 2085 740 2157 εἶδον
764 2090 779 2154 ε’
785 2113 800 2154 ν
822 2086 903 2169 Τέῳ

407 2216 477 2276 τῶν
499 2208 630 2293 πρόσθ’
654 2208 689 2275 εἴ
709 2234 746 2276 τι
769 2209 949 2291 περισσὸν
972 2205 1174 2289 ᾠδοπονῶν·

317 2329 452 2413 argenteio
474 2330 514 2398 δὲ’
524 2328 606 2413 χῶτι
629 2338 693 2405 τοῖο
717 2327 824 2396 steten
846 2324 962 2401 ἥδετο,

406 2452 483 2536 ἐρεῖς
506 2451 658 2535 ἀτρεκέως
681 2448 751 2518 ὅλον
773 2448 826 2517 τὸν
848 2446 956 2530 ἄνδρα.

227 2573 282 2640 Vs.
304 2577 338 2641 3.
363 2587 552 2663 corruptum
573 2585 622 2639 est
641 2572 674 2638 ἐν
695 2570 777 2654 Τέῳ.
823 2570 1001 2660 Imaginem
1027 2568 1113 2635 enirn
1139 2592 1201 2636 non
1222 2571 1254 2636 in
1277 2570 1328 2635 in·

227 2694 296 2762 suls
316 2694 427 2765 Ionica
448 2694 515 2760 Teo
534 2693 671 2785 positam
694 2691 791 2757 fuisse
813 2690 881 2781 ipsa
902 2687 1059 2755 disiectus
1083 2689 1190 2760 docet.
1239 2692 1328 2777 Quae
1419 2702 1422 2707 '

226 2814 422 2884 documento
452 2825 499 2881 est
527 2834 597 2879 eam
629 2813 663 2879 in
692 2808 854 2879 vestibulo
886 2809 1014 2876 aedium
1041 2812 1160 2901 privati
1188 2810 1327 2878 hominis

224 2934 391 3005 Borionsis
425 2935 614 3002 collocatum
648 2934 759 3002 fuisse.
812 2932 1027 3000 Scribendum
1060 2946 1129 3004 est:
1161 2935 1197 3000 ἐκ
1230 2934 1323 3010 Τέω,

226 3057 251 3126 i.
268 3080 300 3128 e.
323 3053 539 3140 ’Ἀνακρέοντος
559 3052 666 3131 Teios.
715 3054 778 3141 Qui
798 3055 943 3145 sequitur
972 3076 1080 3120 versus
1099 3076 1214 3143 parum
1237 3069 1325 3124 recto

224 3179 414 3247 criticorum
444 3201 542 3270 opera
564 3177 759 3245 constitutos
781 3189 840 3245 est.
889 3176 1027 3243 Pessime
1054 3176 1141 3241 enim
1173 3176 1322 3245 dictum:

224 3299 440 3384 Ἀνακρέοντος
458 3340 506 3351 -
521 3298 551 3366 εἴ
564 3324 594 3366 τι
610 3297 764 3383 περισσόν.
812 3299 971 3367 Graecum
993 3309 1095 3365 esset:
1121 3293 1152 3362 ei
1167 3320 1247 3372 τινος
1267 3323 1324 3363 τε-

224 3425 340 3504 ρνοτοῢ.
387 3419 432 3488 Ut
453 3421 487 3485 in
507 3417 611 3510 Soph.
637 3418 678 3490 0.
694 3421 733 3489 (i.
755 3424 833 3488 734.
858 3418 1022 3487 σθένονταν
1043 3417 1075 3485 ei
1093 3422 1152 3485 τιν’
1170 3417 1324 3496 Ἑλλάδος

224 3539 326 3623 μέγα.
372 3540 425 3609 ni.
457 3541 534 3609 487.
569 3536 684 3622 ἐξέφνν
718 3539 835 3624 πατρὸς
869 3538 954 3624 εἴπερ
993 3539 1075 3615 τινὸς
1109 3539 1261 3616 σθένοντος
1293 3545 1324 3608 ἐν

223 3662 351 3746 πλούτῳ,
374 3666 510 3743 Φρυγῶν.
540 3656 658 3726 Strabo
678 3659 726 3737 V,
752 3658 786 3727 2.
819 3671 844 3728 t.
861 3660 890 3727 1.
927 3683 962 3749 p.
983 3663 1061 3728 362.
1093 3660 1239 3732 Tauchn.
1270 3663 1322 3730 sci

223 3785 289 3868 γαρ
311 3780 343 3849 εἴ
361 3804 442 3848 τνονν
465 3782 540 3859 ἡμῖν
559 3804 600 3858 νε
619 3780 674 3845 οὐκ
696 3776 736 3845 ἂν
756 3777 895 3863 ὑπῆρξαν
917 3780 1039 3862 ὁραταί.
1084 3782 1122 3849 In
1146 3784 1256 3851 codice
1277 3783 1324 3848 ie·

224 3906 331 3995 gitur:
364 3909 424 3971 τῶν
451 3903 555 3984 enen
579 3903 642 3968 ε’ντν
668 3902 812 3984 περισσὸν
831 3900 993 3983 otorano,
1019 3907 1106 3994 quod
1136 3906 1178 3970 ita
1212 3926 1323 3971 emen-

223 4027 364 4095 dandum
385 4037 487 4118 puto:

358 4147 572 4231 Ἀνακρέοντος
596 4145 686 4213 εἰκόν’
708 4142 794 4214 εἶδον.
820 4150 854 4213 ἐκ
877 4147 944 4215 Τέω

450 4275 503 4337 τοῦ
528 4268 653 4352 πρόσθεν
678 4295 708 4334 τι
732 4270 872 4351 περιττὸν
897 4269 1047 4352 thienensi.
