2932 5108
623 402 826 464 -123—

183 590 258 678 gin,
292 612 327 654 er
353 589 441 652 cuius
472 586 672 675 autographo
696 588 915 678 apographum
948 611 1040 656 suum
1064 588 1204 657 michael
1226 587 1284 656 de·

184 710 326 799 scripsit.
374 710 421 775 Er
454 706 580 774 verbis:
617 710 656 780 ὡς
686 713 842 792 Σαπφοῦς
866 731 907 775 ue
940 708 1023 776 forte
1050 711 1122 801 quis
1153 709 1284 803 colligat

184 831 245 897 hoc
273 831 468 921 epigramma
497 828 665 918 Sapphoni
695 829 945 897 abiudicaudum
970 854 1057 909 esse,
1084 833 1158 898 satis
1178 833 1284 900 careri

184 952 310 1020 ridetur
327 951 429 1017 altero
447 952 596 1016 lemmate
621 949 658 1015 ad
685 952 751 1031 Vl,
778 956 855 1020 273.
903 958 966 1027 Ὡς
985 952 1145 1029 Νοοοίδος.

269 1076 403 1156 ’Ἄρτεμι
425 1073 532 1138 auios
555 1070 667 1153 ἔχοισα
690 1072 742 1137 καὶ
767 1074 938 1157 'onerates
956 1072 1101 1157 ἐρόεσσαν

362 1191 443 1271 τόξα
462 1192 520 1273 μὲν
537 1195 583 1268 εἷς
603 1193 737 1269 αδλποος
760 1192 835 1275 a‘tyv'
854 1195 970 1263 απόθον
991 1196 1145 1279 Χαρίτων,

273 1319 384 1381 λοῦσαν
408 1314 435 1380 δ’
452 1320 565 1381 Ἰνοπῶ
585 1316 716 1398 καθαρὸν
734 1315 835 1399 χρόα,
860 1317 936 1396 βᾶθι
959 1317 992 1383 δ’
1015 1317 1051 1392 ἒς
1071 1316 1193 1391 οἴκους

362 1436 487 1504 λύοονο’
507 1436 615 1502 ὠδίνων
634 1437 780 1505 'Ausim
803 1439 839 1505 ἐκ
860 1444 1024 1521 χαλεπῶν.

184 1557 247 1643 Qui
276 1580 383 1624 uersus
418 1571 453 1623 ut
483 1558 678 1626 luculentius
712 1561 807 1627 etiam
843 1560 986 1628 mulieris
1022 1561 1214 1637 Locrensis,
1250 1584 1282 1630 r.

183 1680 223 1748 A.
247 1681 283 1749 P.
303 1680 386 1759 vlt,
414 1683 497 1757 718,
523 1679 661 1770 prodant
685 1704 838 1759 manum,
864 1681 1090 1773 corrigendum
1114 1698 1183 1749 est:

770 1803 846 1882 βᾶθι
870 1802 901 1869 δὲ
924 1802 1070 1886 Λοκρούς.

182 1918 338 2009 vulgatae
371 1921 457 1987 enim
488 1920 598 1987 mullus
635 1920 824 1989 commodus
852 1945 983 1999 sensus,
1017 1921 1103 2013 quod
1134 1922 1284 1992 dominae

180 2040 305 2108 aedium
328 2042 368 2108 ad
392 2063 470 2131 quas
492 2042 628 2110 Dianam
652 2043 807 2109 Lucinam
831 2045 941 2110 uenire
967 2056 1118 2133 precatur
1138 2046 1282 2134 poetria,

182 2186 298 2229 nomen
324 2161 507 2229 addendum
535 2174 625 2240 erat,
650 2185 710 2230 nec
738 2176 812 2253 apte
836 2163 900 2229 huc
920 2187 1036 2230 nomen
1062 2164 1215 2232 Alcesidis
1233 2188 1283 2231 ra·

180 2283 308 2351 trahere
339 2282 427 2351 licet.
475 2282 590 2374 Neque
618 2283 754 2350 dubium
785 2287 864 2373 quin
898 2286 974 2352 urbs
1004 2287 1097 2376 ipsa,
1124 2310 1187 2353 non
1218 2286 1282 2353 do-

182 2427 251 2471 mus
273 2404 412 2471 hominis
436 2407 552 2493 privati
574 2402 630 2469 hic
658 2404 864 2471 memoranda
888 2407 941 2472 sit.
991 2406 1041 2473 ad
1067 2430 1112 2476 rs.
1134 2412 1166 2475 2.
1205 2430 1283 2474 cou-

183 2527 230 2592 ier
252 2521 463 2591 Phaedimum
486 2523 551 2601 Vl,
577 2525 655 2591 271.
680 2528 714 2591 3.

270 2642 380 2712 οὕνεκα
399 2646 427 2711 οἱ
449 2650 563 2726 πραεῖα
583 2651 680 2726 λεχοῖ
695 2644 805 2719 δοοοοὶς
829 2645 1002 2728 ὑπερέπχες

362 2773 493 2849 χεῖρας,
517 2764 593 2849 ἅπερ
613 2764 704 2844 τόξον
726 2765 1035 2850 manuteneamus.

181 2889 236 2958 Vs.
258 2893 291 2956 3.
317 2902 404 2954 recte
428 2888 608 2954 Meiuckius
633 2891 746 2954 Ἰνωποῖο
768 2912 827 2979 pro
851 2888 970 2956 codicis
993 2888 1132 2955 lectione
1154 2889 1280 2971 ’Itucci

181 3009 230 3076 tu
251 3008 435 3099 sapphonis
465 3007 660 3099 epigramma
683 3012 717 3076 in
746 3010 890 3100 margine
910 3008 1029 3077 codicis
1055 3006 1279 3099 adscriptum:

180 3128 401 3213 ὂαόοφαλπον,
427 3152 511 3220 quae
539 3128 731 3198 ritie'inter
761 3130 955 3197 recentiores
976 3127 1112 3217 plurimi
1135 3142 1167 3197 et
1191 3152 1282 3217 saga·

178 3252 297 3317 cissimi
326 3252 434 3319 critici
466 3250 581 3317 tollere
612 3251 843 3328 connisum,
879 3245 1070 3328 Bentleius,
1105 3247 1280 3327 Reiskius,

180 3372 345 3462 Toupius,
370 3370 535 3439 Iacobsius
554 3383 587 3436 et
612 3366 799 3459 nuperrime
821 3366 1001 3437 Meinekius
1019 3366 1145 3438 Delect.
1168 3391 1203 3458 p.
1214 3371 1281 3437 225

182 3515 230 3581 sq.
257 3494 314 3583 qui
335 3506 515 3582 postauam
541 3512 669 3580 operum
696 3486 781 3554 nihil
806 3490 869 3556 iarn
893 3490 1008 3557 incerti
1039 3502 1073 3555 et
1095 3488 1226 3555 obscuri
1246 3490 1279 3556 in

181 3634 219 3678 eu
249 3614 351 3679 inesse
388 3611 569 3679 affirmarit.
626 3610 711 3677 Fieri
750 3632 823 3677 sane
854 3622 961 3700 potest
991 3623 1028 3676 ut
1054 3632 1114 3700 ego
1142 3613 1280 3699 pessime

180 3732 351 3812 aberrem,
376 3732 429 3799 sed
463 3732 593 3800 diffiteri
621 3756 685 3801 non
711 3756 841 3824 possum
862 3730 944 3799 mihi
976 3732 1159 3800 etiamnunc
1186 3735 1219 3798 in
1241 3754 1280 3799 eo

181 3855 286 3921 omnia
315 3876 469 3945 perquam
505 3856 626 3923 incerta
655 3853 781 3933 videri,
815 3876 889 3920 nam
918 3852 1028 3920 statim
1057 3851 1143 3943 quod
1173 3854 1280 3943 primo

180 3974 319 4043 disticho
338 3976 433 4041 unice
456 3998 565 4042 rerum
588 3979 634 4041 ait
656 3976 861 4044 Meinekius:

270 4097 404 4173 Παῖδες,
429 4094 551 4181 ἄφωνος
576 4099 661 4162 ἐοῖσα
683 4097 750 4164 πο’π’
771 4094 904 4172 ε’ννὲπω,
929 4096 966 4160 αἵ
983 4119 1030 4168 τος
1051 4094 1175 4175 ipanus,

360 4218 468 4301 Φωνοὶν
487 4216 661 4298 οὶκαμοὶπαν
685 4217 862 4297 κατθεμὲνα
880 4215 938 4297 πρὸ
956 4213 1074 4291 ποδῶν,

183 4340 214 4405 id
244 4354 278 4408 ut
309 4341 349 4407 ub
379 4341 610 4431 elegantissima
639 4340 775 4407 muliere
809 4338 989 4430 profectum
1016 4348 1152 4429 putem,
1185 4338 1280 4407 nulio
