2932 5108
648 386 829 451 ..97-

181 574 241 644 slus
273 590 306 643 et
340 580 450 644 tertius
484 574 567 667 apud
606 575 786 642 lacobsium
823 576 974 665 leguntur
1003 576 1066 642 ita:
1103 576 1277 657 μυρομένοις

180 698 291 780 κούροιν
302 738 347 749 -
365 698 528 779 Νεντέμοις
548 698 575 763 θ’
593 694 643 771 olo.
694 695 823 768 cadon
847 693 1006 779 μνρομένοι
1023 696 1117 778 κούριι
1132 734 1178 746 -
1197 705 1278 766 Νεν-

180 819 278 898 τέμοις
297 815 346 894 οἷς.
387 818 554 909 Equidem
576 818 785 907 participium
806 815 845 882 ad
868 837 1045 906 pronomen
1066 818 1115 883 roi
1138 818 1281 886 releren-

182 939 259 1005 dum
288 940 398 1029 putari
426 952 459 1006 et
490 938 668 1026 legitimum
696 937 871 1003 accusativi
894 938 1034 1026 regimen
1057 938 1157 1004 serbo
1185 938 1280 1023 μύρε-

180 1062 251 1125 σέοιι
274 1058 396 1128 addidi.
433 1058 633 1127 Hermannus
657 1055 735 1145 quid
760 1054 800 1123 de
827 1056 889 1124 hoo
912 1058 1056 1124 carmine
1074 1063 1223 1128 statuerit
1246 1061 1280 1127 in

183 1178 353 1271 0puscnlis
371 1179 550 1247 diiudicare
568 1199 711 1268 nequeo,
737 1200 837 1268 quum
851 1201 962 1245 eorum
976 1180 1228 1247 roluminnmilri
1240 1180 1279 1247 ad

182 1323 294 1368 manus
314 1324 379 1367 non
396 1300 472 1367 sint.
519 1298 607 1365 vsu
630 1296 774 1380 γροιπτέο
794 1297 939 1388 depicto
960 1300 1166 1392 anaglypho,
1191 1314 1228 1369 ut
1249 1316 1282 1369 et

183 1426 215 1489 in
229 1424 295 1502 tx,
315 1427 370 1489 59.
394 1420 536 1504 γροιπτὸν
552 1418 665 1498 τέγος,
692 1418 850 1487 intellexit
863 1420 1055 1488 Welckerus
1069 1422 1152 1511 Syll.
1167 1424 1279 1515 llpigr.
1361 1485 1365 1493 .

183 1566 218 1633 p.
234 1546 314 1621 162,
339 1563 439 1631 quum
456 1562 615 1606 marmora
632 1539 777 1606 colorum
796 1551 911 1607 ornatu
930 1540 1069 1608 obducta
1085 1542 1183 1611 luisse
1202 1564 1282 1610 cou-

183 1674 256 1731 stet.
305 1659 405 1727 Cuius
434 1660 611 1727 sententiae
632 1660 760 1749 ignarus
785 1661 930 1741 γλυτσές
955 1662 1160 1731 scribendum
1180 1675 1282 1756 pute·
1363 1718 1369 1729 .

184 1806 315 1863 seram,
348 1781 403 1848 sed
434 1780 577 1864 γροιπτές
610 1781 651 1847 ab
678 1781 740 1848 lroc
773 1783 908 1873 proprio
947 1783 1105 1851 vocabulo
1143 1807 1203 1853 usu
1232 1787 1282 1853 sir

184 1905 311 1975 dillerre
334 1916 514 1971 monstrant
536 1905 598 1993 up.
625 1905 657 1970 in
682 1905 769 1995 app.
794 1927 823 1973 c.
844 1908 923 1975 356.
1021 1952 1025 1959 -

636 2022 746 2107 πατέρ’
768 2024 913 2091 Eiristios
935 2027 1087 2092 τεθνεῶσιν

274 2145 429 2221 πολλιέιιις
454 2146 638 2226 ὑμνήσομεν
661 2146 714 2210 tv>
738 2147 887 2223 στῇλοιισι
910 2147 1097 2231 γριιφέντοι,

187 2268 241 2334 abi
267 2269 415 2359 corrige:
440 2267 494 2334 ἐπέ
506 2317 516 2341 ,
541 2265 643 2335 lusor.
669 2265 788 2355 Adesp.
815 2269 856 2335 Δ.
875 2268 909 2334 Ρ.
929 2268 1012 2346 Vll,
1038 2271 1117 2337 2⁷9.

275 2393 402 2454 Ποῦσοιι
421 2388 490 2461 νηὸς
509 2384 628 2466 έρετμδι
647 2384 699 2450 sal
720 2384 849 2463 έμβολοι
866 2386 937 2469 τῷδ’
955 2386 1006 2451 lari
1029 2387 1143 2469 τύμβῳ

366 2508 447 2573 οιῖέν
470 2504 521 2570 ἐπὶ
545 2509 654 2587 ψυχρῇ
678 2502 907 2590 ζονγροιφέων
930 2506 1060 2590 σποδιῇ·

277 2630 411 2706 νοιννργοῖο
431 2626 467 2692 τὸ
486 2632 619 2705 μνῇμιι·
643 2625 676 2691 σι’
697 2634 754 2702 τῇς
773 2624 815 2690 ε’νὶ
837 2625 956 2705 νέμοιτο
979 2626 1086 2705 λώβης

365 2744 455 2820 οιῦτις
477 2747 661 2827 οὶνοιμνῇσοιι·
680 2745 734 2811 σὸν
756 2744 844 2813 κοισοὶ
866 2754 928 2825 γῆς
950 2744 1084 2823 ἔθέλειςς

187 2870 280 2937 Paos.
298 2868 353 2949 ll,
374 2872 407 2936 7.
428 2872 460 2938 4.
496 2867 534 2933 lu
553 2866 762 2955 inscriptione
779 2866 897 2932 incerti
917 2879 1053 2956 poetae,
1079 2866 1164 2933 hausl
1187 2868 1286 2939 dubie

188 3002 258 3082 post
278 2989 475 3078 Meleagrum
502 2988 649 3076 scripta,
671 2986 836 3053 lacobsius
870 3009 929 3077 pro
961 2985 1027 3054 οιέέν
1049 2989 1187 3056 coniecit
1216 2993 1289 3058 οιέιιΐ

188 3134 234 3180 ιν.
257 3114 290 3179 2.
336 3110 500 3175 Praestare
525 3106 670 3175 ridetur:

366 3227 470 3308 οἶξέν’
490 3228 542 3295 ἐπὶ
563 3234 672 3313 ψυχρῇ
693 3227 882 3311 ζωγροιφέιον
902 3226 1022 3312 σποδιῇ.

189 3352 280 3439 Quod
310 3354 343 3419 in
375 3352 482 3441 lapide
513 3351 671 3439 scriptum
699 3360 789 3415 erate
816 3357 942 3423 ΑΙΕΝ,
968 3370 1033 3440 quo
1064 3348 1150 3418 ircto
1182 3351 1285 3419 lorma

189 3475 356 3541 literarum
379 3482 401 3541 Ξ
422 3484 454 3536 et
474 3481 488 3535 1
512 3470 560 3535 vir
581 3469 743 3536 tantillum
774 3468 895 3537 slill'ert.
943 3469 1084 3537 Verbum
1108 3470 1286 3558 ζωγραφεῖν

191 3594 253 3660 hoc
281 3594 353 3660 loco
386 3592 563 3682 significat:
602 3594 681 3658 remi
716 3604 750 3658 et
782 3592 878 3657 rostri
901 3592 1036 3680 effigiem
1065 3594 1097 3659 ia
1128 3616 1287 3663 marmore

191 3711 383 3802 insculpere.
408 3718 436 3797 ¹)
483 3712 601 3781 Confer
623 3712 720 3780 Hom.
747 3710 810 3779 od.
838 3712 909 3792 Xl,
935 3716 990 3779 rt.

187 3918 435 3933 ..-..-.-..-.---

226 4032 250 4101 ¹)
275 4032 310 4084 Ut
328 4028 370 4103 pio
389 4044 461 4081 moro
480 4026 569 4079 Graeci
588 4028 626 4081 ori
646 4036 813 4083 mortuorum
837 4026 944 4083 obolum
963 4026 1053 4081 indere
1071 4023 1191 4080 solebant
1209 4028 1289 4099 porti·

190 4134 240 4187 tori
260 4132 434 4199 solvendum,
462 4129 508 4204 qui
527 4128 626 4183 animos
644 4133 752 4205 Stygem
772 4130 974 4198 transmittebat,
994 4140 1020 4184 et
1044 4127 1125 4183 simul
1148 4148 1211 4185 cnm
1228 4130 1290 4207 ipsis

191 4237 301 4292 mortuis
319 4233 487 4291 dilectissima
513 4250 632 4311 quaeque
658 4231 724 4289 dum
751 4236 780 4289 in
804 4236 868 4290 rivis
887 4242 962 4289 mant
981 4241 1028 4287 ant
1052 4250 1114 4307 rogo
1139 4234 1291 4292 cremabant

190 4352 237 4399 aut
256 4341 362 4399 tumulo
379 4338 539 4409 condebant,
549 4370 584 4383 -
595 4336 629 4393 ‹lc
646 4358 699 4413 quo
716 4339 831 4399 conferas
844 4340 914 4397 Plut.
933 4358 984 4397 non
1005 4356 1076 4415 posse
1089 4358 1161 4397 suar.
1180 4341 1291 4398 vivisco-

1039 4446 1061 4511 7
