2932 5108
639 333 839 395 -liila-

182 518 299 601 τέρος.
332 517 419 608 quod
449 539 524 584 sane
554 518 649 607 pisois
677 530 811 587 naturae
841 519 1131 591 accommodatum.
1182 520 1281 591 Versu

183 639 286 708 altero
304 651 493 731 eorrupturu
515 651 563 707 eat
590 644 726 723 πρῶτον.
751 661 824 707 nam
846 637 926 707 lraao
948 638 1072 707 conche
1091 639 1205 712 heberi
1224 667 1283 713 ne·

183 763 256 851 quit
288 763 438 854 princeps
463 785 541 853 prae
560 760 631 827 aliis
664 763 696 828 in
728 759 791 826 hoe
818 761 952 828 Veneris
983 761 1107 852 templo
1134 762 1282 833 dealioate

184 904 263 952 esse.
311 883 367 954 Vs.
393 886 427 953 6.
462 881 632 951 emendato
660 882 702 948 ab
730 878 916 950 Hermanno
946 883 1071 974 optimo
1090 884 1280 957 'scribeture

182 998 235 1087 ᾧτ’
264 1001 345 1089 ἔργον
367 1002 506 1085 resisum
527 1024 559 1071 ο.
608 1004 664 1073 Vs.
682 1006 717 1072 7.
748 1025 815 1071 non
845 1001 991 1095 intelligo
1019 1003 1099 1095 quid
1126 1008 1169 1075 sit
1196 1007 1282 1083 lirae

183 1123 355 1202 Ἰουλίδας,
379 1147 450 1215 pro·
463 1145 534 1217 quo
558 1123 613 1191 alii
639 1134 754 1214 poetae
782 1142 915 1193 manum
944 1125 1117 1214 genuinam
1139 1141 1284 1221 praesta·

184 1245 277 1313 bunt.
325 1244 383 1314 Vs.
406 1250 460 1314 10.
492 1267 552 1336 pro
575 1251 695 1327 sarreria
726 1242 865 1311 libenter
889 1266 1077 1333 reponerem
1105 1255 1218 1332 νοερᾶς
1234 1280 1282 1301 -·

180 1364 344 1442 ἁλκυόνης.
391 1364 455 1432 Sed
486 1364 580 1456 longe
612 1363 811 1455 ineptissime
836 1363 987 1435 extulisse
1013 1366 1176 1455 putandus
1198 1367 1284 1437 foret

181 1497 277 1578 poete
304 1488 496 1557 sententiam
518 1487 553 1554 in
576 1487 643 1554 line
664 1485 926 1575 epigrammatis,
950 1485 977 1552 si
1006 1509 1117 1555 resera
1143 1487 1282 1558 Selenen

181 1604 256 1675 ideo
271 1627 291 1673 a
308 1607 433 1674 Venere
450 1607 567 1698 pretias
586 1605 648 1674 sibi
667 1602 887 1696 rependendas
907 1619 1070 1695 precatam
1093 1607 1173 1676 lecit
1193 1608 1282 1701 quod

180 1726 318 1817 Smyrna
341 1740 422 1795 assat
445 1726 592 1797 oriunda.
640 1725 722 1796 ruini
743 1724 860 1793 idonea
883 1729 1041 1796 sententia
1062 1731 1211 1798 restituta
1232 1731 1281 1799 ri·

180 1846 297 1929 detur,
320 1858 488 1917 correcto:

695 1963 755 2033 sile
779 1968 844 2050 γὰρ
866 1968 965 2035 ἐσθλοὶ

361 2086 455 2170 ῥέζειν
477 2090 496 2164 si
521 2085 663 2168 Σμύρνης
686 2085 763 2160 elesa
785 2087 845 2152 ἀπ’
864 2086 1016 2161 Alamos.

180 2208 297 2279 Selene
326 2208 412 2275 enirn
438 2230 521 2275 nora
544 2217 645 2297 nupta
672 2228 749 2297 prae
779 2208 912 2276 eaeteria
935 2204 1127 2276 mulieribus
1145 2224 1179 2279 et
1201 2211 1282 2280 oisl-

182 2328 241 2395 bus
266 2326 449 2416 Smyrnaeis
476 2325 597 2393 bonum
616 2339 807 2417 rectumque
825 2326 934 2395 aolere
952 2326 1159 2418 perhibetur.
1206 2331 1285 2401 car·

181 2447 313 2515 limechi
341 2468 444 2515 unum
475 2448 572 2514 vertit
602 2448 796 2536 epigramma
824 2446 976 2515 Horatius
998 2448 1028 2517 1.
1051 2448 1122 2521 Sat.
1144 2454 1177 2521 2.
1204 2453 1282 2524 105.

181 2568 319 2636 alterum
349 2568 388 2655 Q.
413 2564 547 2634 Catulus
575 2564 661 2656 apud
697 2565 783 2637 Gell.
805 2566 883 2635 XIX
898 2617 908 2648 ,
933 2570 964 2637 9.
1004 2569 1135 2638 tertium
1166 2572 1283 2642 Latine

179 2711 367 2759 conversum
389 2687 505 2778 legitur
523 2688 556 2753 in
577 2686 749 2755 Cataleotis
769 2687 884 2779 Virgil.
898 2688 994 2767 ΧΠ,
1019 2713 1054 2781 p.
1068 2694 1148 2762 346.
1172 2693 1283 2765 Teub-

181 2834 277 2891 nen,
313 2821 464 2902 quartum
496 2808 647 2900 expressit
681 2808 814 2876 llelrius
844 2809 947 2878 Ginna
977 2810 1010 2879 iu
1044 2811 1182 2883 anthat.
1204 2815 1280 2889 Lu.

180 2945 205 3001 t.
222 2931 252 3000 Ι.
276 2954 311 3021 p.
330 2934 407 2998 440.

224 3049 392 3120 Secundus
420 3063 493 3141 post
514 3048 711 3140 Meleagrum
735 3048 950 3142 anthologiae
978 3049 1129 3121 eonditor
1160 3059 1280 3126 exstitit

179 3171 350 3265 Philippus
379 3169 672 3239 Thessalonicensis
703 3172 769 3238 sire
788 3169 948 3249 Macedo,
979 3172 1036 3260 qui
1064 3196 1098 3241 se
1117 3174 1215 3265 plane
1238 3178 1278 3246 od

181 3295 334 3385 Meleagri
363 3292 525 3382 exemplar
549 3291 764 3382 anthologiae
789 3293 932 3359 earmina
962 3293 1127 3386 digessisse
1155 3299 1280 3389 proles-
1325 3370 1330 3377 ,

180 3438 233 3481 sus
256 3428 303 3481 est
327 3412 428 3482 Anth.
454 3411 523 3482 Pal.
541 3414 609 3492 IV,
634 3415 665 3478 2.
692 3435 788 3501 quam
808 3410 953 3482 Coronae
971 3416 1205 3506 praelationem
1222 3420 1275 3488 hio

180 3557 338 3626 apponam
360 3534 539 3622 integram:

265 3652 384 3723 ’‘Aslroi
405 3678 451 3721 οον
474 3653 590 3738 δρέψας
614 3653 800 3731 Ἐλννῶννον,
825 3656 878 3723 set
903 3656 1117 3742 κλυτοδὲνδρον

358 3776 483 3859 Πνερὶνις
504 3775 607 3860 κείρας
631 3775 852 3861 προνοφύτονς
875 3776 1041 3856 νοὶλνκοος,

176 3970 179 3977 ,
237 3968 240 3973 ,
270 3895 323 3963 aei
346 3895 466 3969 οελίδος
485 3906 591 3980 νεονρῆς
614 3897 734 3980 testeae
757 3895 885 3979 orelxvs
903 3898 1126 3980 οὶνοοονέοτλεξοο

357 4023 422 4095 τοῖς
444 4017 668 4100 Μελεονγρεὶονς
692 4021 731 4095 ὥς
755 4018 857 4087 ἴκελον
878 4020 1060 4105 στεφάνοις.

268 4137 359 4205 ἄλλον
383 4135 595 4219 παλαιοτέρων
618 4137 700 4214 εἰδὼς
723 4137 832 4215 κλέος.
857 4139 946 4205 εὀδλὲ
967 4139 1117 4219 Κάμιλλε

324 4284 327 4289 ·
358 4261 447 4339 γνῶθι
469 4260 521 4326 ael
543 4259 712 4343 ὁπλοτέρων
735 4263 790 4337 τὴν
811 4262 1037 4343 ὄλονοοονχίνν.

1006 4382 1041 4447 tt
